{
  "BTCUSDT": [
    {
      "uuid": "C0101000001738310873",
      "side": "bid",
      "ord_type": "limit",
      "price": "73743000",
      "state": "done",
      "market": "KRW-BTC",
      "created_at": "2024-08-05T19:31:20+09:00",
      "volume": "0.00270534",
      "remaining_volume": "0",
      "reserved_fee": "498.74971905",
      "remaining_fee": "0",
      "paid_fee": "498.74",
      "locked": "0",
      "executed_volume": "0.00270534",
      "trades_count": 2
    },
    {
      "uuid": "C0101000001986243223",
      "side": "bid",
      "ord_type": "limit",
      "price": "135523000",
      "state": "done",
      "market": "KRW-BTC",
      "created_at": "2024-11-24T19:25:31+09:00",
      "volume": "0.0001",
      "remaining_volume": "0",
      "reserved_fee": "33.88075",
      "remaining_fee": "0",
      "paid_fee": "5.42",
      "locked": "0",
      "executed_volume": "0.0001",
      "trades_count": 1
    },
    {
      "uuid": "C0101000001990859491",
      "side": "bid",
      "ord_type": "limit",
      "price": "128511000",
      "state": "done",
      "market": "KRW-BTC",
      "created_at": "2024-11-26T20:24:53+09:00",
      "volume": "0.0001",
      "remaining_volume": "0",
      "reserved_fee": "32.12775",
      "remaining_fee": "0",
      "paid_fee": "5.14",
      "locked": "0",
      "executed_volume": "0.0001",
      "trades_count": 1
    },
    {
      "uuid": "C0101000002007168100",
      "side": "ask",
      "ord_type": "limit",
      "price": "139019000",
      "state": "done",
      "market": "KRW-BTC",
      "created_at": "2024-12-05T08:56:57+09:00",
      "volume": "0.00005",
      "remaining_volume": "0",
      "reserved_fee": "0",
      "remaining_fee": "0",
      "paid_fee": "2.78",
      "locked": "0",
      "executed_volume": "0.00005",
      "trades_count": 1
    },
    {
      "uuid": "C0101000002011667270",
      "side": "bid",
      "ord_type": "limit",
      "price": "138804000",
      "state": "done",
      "market": "KRW-BTC",
      "created_at": "2024-12-06T23:52:30+09:00",
      "volume": "0.00015777",
      "remaining_volume": "0",
      "reserved_fee": "54.7477677",
      "remaining_fee": "0",
      "paid_fee": "8.75",
      "locked": "0",
      "executed_volume": "0.00015777",
      "trades_count": 1
    },
    {
      "uuid": "C0101000002012176752",
      "side": "ask",
      "ord_type": "limit",
      "price": "141525000",
      "state": "done",
      "market": "KRW-BTC",
      "created_at": "2024-12-07T03:26:42+09:00",
      "volume": "0.0001",
      "remaining_volume": "0",
      "reserved_fee": "0",
      "remaining_fee": "0",
      "paid_fee": "5.66",
      "locked": "0",
      "executed_volume": "0.0001",
      "trades_count": 1
    },
    {
      "uuid": "C0101000002015666736",
      "side": "bid",
      "ord_type": "limit",
      "price": "138270000",
      "state": "done",
      "market": "KRW-BTC",
      "created_at": "2024-12-09T18:58:04+09:00",
      "volume": "0.00005",
      "remaining_volume": "0",
      "reserved_fee": "17.28375",
      "remaining_fee": "0",
      "paid_fee": "2.76",
      "locked": "0",
      "executed_volume": "0.00005",
      "trades_count": 1
    },
    {
      "uuid": "C0101000002020577931",
      "side": "bid",
      "ord_type": "limit",
      "price": "137020000",
      "state": "done",
      "market": "KRW-BTC",
      "created_at": "2024-12-11T10:17:44+09:00",
      "volume": "0.00004",
      "remaining_volume": "0",
      "reserved_fee": "13.702",
      "remaining_fee": "0.003",
      "paid_fee": "2.19",
      "locked": "0",
      "executed_volume": "0.00004",
      "trades_count": 1
    },
    {
      "uuid": "C0101000002027283547",
      "side": "bid",
      "ord_type": "limit",
      "price": "163788000",
      "state": "done",
      "market": "KRW-BTC",
      "created_at": "2024-12-15T11:44:32+09:00",
      "volume": "0.00004",
      "remaining_volume": "0",
      "reserved_fee": "16.3788",
      "remaining_fee": "1.7498",
      "paid_fee": "2.34",
      "locked": "0",
      "executed_volume": "0.00004",
      "trades_count": 1
    },
    {
      "uuid": "C0101000002028201515",
      "side": "ask",
      "ord_type": "limit",
      "price": "149731000",
      "state": "done",
      "market": "KRW-BTC",
      "created_at": "2024-12-16T08:42:34+09:00",
      "volume": "0.00004",
      "remaining_volume": "0",
      "reserved_fee": "0",
      "remaining_fee": "0",
      "paid_fee": "2.39",
      "locked": "0",
      "executed_volume": "0.00004",
      "trades_count": 1
    },
    {
      "uuid": "C0101000002030236899",
      "side": "ask",
      "ord_type": "limit",
      "price": "155723000",
      "state": "done",
      "market": "KRW-BTC",
      "created_at": "2024-12-17T18:08:50+09:00",
      "volume": "0.00004",
      "remaining_volume": "0",
      "reserved_fee": "0",
      "remaining_fee": "0",
      "paid_fee": "2.49",
      "locked": "0",
      "executed_volume": "0.00004",
      "trades_count": 1
    },
    {
      "uuid": "C0101000002030238142",
      "side": "bid",
      "ord_type": "limit",
      "price": "155615000",
      "state": "done",
      "market": "KRW-BTC",
      "created_at": "2024-12-17T18:09:46+09:00",
      "volume": "0.00004",
      "remaining_volume": "0",
      "reserved_fee": "15.5615",
      "remaining_fee": "0",
      "paid_fee": "2.48",
      "locked": "0",
      "executed_volume": "0.00004",
      "trades_count": 1
    },
    {
      "uuid": "C0101000002034394598",
      "side": "bid",
      "ord_type": "limit",
      "price": "150434000",
      "state": "done",
      "market": "KRW-BTC",
      "created_at": "2024-12-20T00:50:52+09:00",
      "volume": "0.00004",
      "remaining_volume": "0",
      "reserved_fee": "15.0434",
      "remaining_fee": "0",
      "paid_fee": "2.4",
      "locked": "0",
      "executed_volume": "0.00004",
      "trades_count": 1
    },
    {
      "uuid": "C0101000002035054256",
      "side": "bid",
      "ord_type": "limit",
      "price": "147897000",
      "state": "done",
      "market": "KRW-BTC",
      "created_at": "2024-12-20T07:21:23+09:00",
      "volume": "0.0001",
      "remaining_volume": "0",
      "reserved_fee": "36.97425",
      "remaining_fee": "0",
      "paid_fee": "5.91",
      "locked": "0",
      "executed_volume": "0.0001",
      "trades_count": 1
    },
    {
      "uuid": "C0101000002035128209",
      "side": "bid",
      "ord_type": "limit",
      "price": "148313000",
      "state": "done",
      "market": "KRW-BTC",
      "created_at": "2024-12-20T08:31:12+09:00",
      "volume": "0.0001",
      "remaining_volume": "0",
      "reserved_fee": "37.07825",
      "remaining_fee": "0",
      "paid_fee": "5.93",
      "locked": "0",
      "executed_volume": "0.0001",
      "trades_count": 1
    },
    {
      "uuid": "C0101000002036041229",
      "side": "bid",
      "ord_type": "limit",
      "price": "143804000",
      "state": "done",
      "market": "KRW-BTC",
      "created_at": "2024-12-20T19:44:45+09:00",
      "volume": "0.00013908",
      "remaining_volume": "0",
      "reserved_fee": "50.0006508",
      "remaining_fee": "0",
      "paid_fee": "8",
      "locked": "0",
      "executed_volume": "0.00013908",
      "trades_count": 1
    },
    {
      "uuid": "C0101000002037933015",
      "side": "bid",
      "ord_type": "limit",
      "price": "146880000",
      "state": "done",
      "market": "KRW-BTC",
      "created_at": "2024-12-21T22:15:18+09:00",
      "volume": "0.0001",
      "remaining_volume": "0",
      "reserved_fee": "36.72",
      "remaining_fee": "0",
      "paid_fee": "5.87",
      "locked": "0",
      "executed_volume": "0.0001",
      "trades_count": 1
    },
    {
      "uuid": "C0101000002039278873",
      "side": "ask",
      "ord_type": "limit",
      "price": "145770000",
      "state": "done",
      "market": "KRW-BTC",
      "created_at": "2024-12-22T23:28:59+09:00",
      "volume": "0.0001",
      "remaining_volume": "0",
      "reserved_fee": "0",
      "remaining_fee": "0",
      "paid_fee": "5.83",
      "locked": "0",
      "executed_volume": "0.0001",
      "trades_count": 1
    },
    {
      "uuid": "C0101000002039279053",
      "side": "ask",
      "ord_type": "limit",
      "price": "145478000",
      "state": "done",
      "market": "KRW-BTC",
      "created_at": "2024-12-22T23:29:09+09:00",
      "volume": "0.0001",
      "remaining_volume": "0",
      "reserved_fee": "0",
      "remaining_fee": "0",
      "paid_fee": "5.81",
      "locked": "0",
      "executed_volume": "0.0001",
      "trades_count": 1
    },
    {
      "uuid": "C0101000002039883405",
      "side": "bid",
      "ord_type": "limit",
      "price": "144100000",
      "state": "done",
      "market": "KRW-BTC",
      "created_at": "2024-12-23T09:18:06+09:00",
      "volume": "0.0001",
      "remaining_volume": "0",
      "reserved_fee": "36.025",
      "remaining_fee": "0",
      "paid_fee": "5.76",
      "locked": "0",
      "executed_volume": "0.0001",
      "trades_count": 1
    },
    {
      "uuid": "C0101000002041257479",
      "side": "bid",
      "ord_type": "limit",
      "price": "141603000",
      "state": "done",
      "market": "KRW-BTC",
      "created_at": "2024-12-24T10:47:47+09:00",
      "volume": "0.0001",
      "remaining_volume": "0",
      "reserved_fee": "35.40075",
      "remaining_fee": "0",
      "paid_fee": "5.66",
      "locked": "0",
      "executed_volume": "0.0001",
      "trades_count": 1
    },
    {
      "uuid": "C0101000002041303197",
      "side": "bid",
      "ord_type": "limit",
      "price": "141633000",
      "state": "done",
      "market": "KRW-BTC",
      "created_at": "2024-12-24T11:36:11+09:00",
      "volume": "0.0001",
      "remaining_volume": "0",
      "reserved_fee": "35.40825",
      "remaining_fee": "0",
      "paid_fee": "5.66",
      "locked": "0",
      "executed_volume": "0.0001",
      "trades_count": 1
    },
    {
      "uuid": "C0101000002041303525",
      "side": "bid",
      "ord_type": "limit",
      "price": "141623000",
      "state": "done",
      "market": "KRW-BTC",
      "created_at": "2024-12-24T11:36:30+09:00",
      "volume": "0.00041632",
      "remaining_volume": "0",
      "reserved_fee": "147.4012184",
      "remaining_fee": "0",
      "paid_fee": "23.58",
      "locked": "0",
      "executed_volume": "0.00041632",
      "trades_count": 1
    },
    {
      "uuid": "C0101000002041418348",
      "side": "ask",
      "ord_type": "limit",
      "price": "141999000",
      "state": "done",
      "market": "KRW-BTC",
      "created_at": "2024-12-24T14:28:22+09:00",
      "volume": "0.00300269",
      "remaining_volume": "0",
      "reserved_fee": "0",
      "remaining_fee": "0",
      "paid_fee": "170.55",
      "locked": "0",
      "executed_volume": "0.00300269",
      "trades_count": 1
    },
    {
      "uuid": "C0101000002041767367",
      "side": "ask",
      "ord_type": "limit",
      "price": "144194000",
      "state": "done",
      "market": "KRW-BTC",
      "created_at": "2024-12-24T23:04:11+09:00",
      "volume": "0.00025022",
      "remaining_volume": "0",
      "reserved_fee": "0",
      "remaining_fee": "0",
      "paid_fee": "14.43",
      "locked": "0",
      "executed_volume": "0.00025022",
      "trades_count": 1
    },
    {
      "uuid": "C0101000002041855119",
      "side": "bid",
      "ord_type": "limit",
      "price": "145759000",
      "state": "done",
      "market": "KRW-BTC",
      "created_at": "2024-12-25T00:24:33+09:00",
      "volume": "0.00034304",
      "remaining_volume": "0",
      "reserved_fee": "125.0029184",
      "remaining_fee": "0",
      "paid_fee": "20",
      "locked": "0",
      "executed_volume": "0.00034304",
      "trades_count": 1
    },
    {
      "uuid": "C0101000002041891477",
      "side": "bid",
      "ord_type": "limit",
      "price": "146949000",
      "state": "done",
      "market": "KRW-BTC",
      "created_at": "2024-12-25T00:59:02+09:00",
      "volume": "0.00294924",
      "remaining_volume": "0",
      "reserved_fee": "1083.4696719",
      "remaining_fee": "0.00279155",
      "paid_fee": "173.35",
      "locked": "0",
      "executed_volume": "0.00294924",
      "trades_count": 2
    },
    {
      "uuid": "C0101000002043025158",
      "side": "ask",
      "ord_type": "limit",
      "price": "147464000",
      "state": "done",
      "market": "KRW-BTC",
      "created_at": "2024-12-26T01:27:19+09:00",
      "volume": "0.00004",
      "remaining_volume": "0",
      "reserved_fee": "0",
      "remaining_fee": "0",
      "paid_fee": "2.35",
      "locked": "0",
      "executed_volume": "0.00004",
      "trades_count": 1
    },
    {
      "uuid": "C0101000002044176297",
      "side": "ask",
      "ord_type": "limit",
      "price": "143987000",
      "state": "done",
      "market": "KRW-BTC",
      "created_at": "2024-12-27T00:20:55+09:00",
      "volume": "0.00004",
      "remaining_volume": "0",
      "reserved_fee": "0",
      "remaining_fee": "0",
      "paid_fee": "2.3",
      "locked": "0",
      "executed_volume": "0.00004",
      "trades_count": 1
    },
    {
      "uuid": "C0101000002049254843",
      "side": "ask",
      "ord_type": "limit",
      "price": "142060000",
      "state": "done",
      "market": "KRW-BTC",
      "created_at": "2024-12-31T23:51:33+09:00",
      "volume": "0.0001",
      "remaining_volume": "0",
      "reserved_fee": "0",
      "remaining_fee": "0",
      "paid_fee": "5.68",
      "locked": "0",
      "executed_volume": "0.0001",
      "trades_count": 2
    },
    {
      "uuid": "C0101000002054237082",
      "side": "ask",
      "ord_type": "limit",
      "price": "145147000",
      "state": "done",
      "market": "KRW-BTC",
      "created_at": "2025-01-04T16:42:46+09:00",
      "volume": "0.00010335",
      "remaining_volume": "0",
      "reserved_fee": "0",
      "remaining_fee": "0",
      "paid_fee": "6",
      "locked": "0",
      "executed_volume": "0.00010335",
      "trades_count": 1
    },
    {
      "uuid": "C0101000002055083754",
      "side": "ask",
      "ord_type": "limit",
      "price": "144645000",
      "state": "done",
      "market": "KRW-BTC",
      "created_at": "2025-01-05T12:55:17+09:00",
      "volume": "0.00037596",
      "remaining_volume": "0",
      "reserved_fee": "0",
      "remaining_fee": "0",
      "paid_fee": "21.76",
      "locked": "0",
      "executed_volume": "0.00037596",
      "trades_count": 1
    },
    {
      "uuid": "C0101000002055083927",
      "side": "ask",
      "ord_type": "limit",
      "price": "144950000",
      "state": "done",
      "market": "KRW-BTC",
      "created_at": "2025-01-05T12:55:28+09:00",
      "volume": "0.00084591",
      "remaining_volume": "0",
      "reserved_fee": "0",
      "remaining_fee": "0",
      "paid_fee": "49.04",
      "locked": "0",
      "executed_volume": "0.00084591",
      "trades_count": 1
    },
    {
      "uuid": "C0101000002055132681",
      "side": "bid",
      "ord_type": "limit",
      "price": "145040000",
      "state": "done",
      "market": "KRW-BTC",
      "created_at": "2025-01-05T13:59:16+09:00",
      "volume": "0.00017446",
      "remaining_volume": "0",
      "reserved_fee": "63.259196",
      "remaining_fee": "0.0008723",
      "paid_fee": "10.12",
      "locked": "0",
      "executed_volume": "0.00017446",
      "trades_count": 1
    },
    {
      "uuid": "C0101000002055132770",
      "side": "ask",
      "ord_type": "limit",
      "price": "145059000",
      "state": "done",
      "market": "KRW-BTC",
      "created_at": "2025-01-05T13:59:48+09:00",
      "volume": "0.0002069",
      "remaining_volume": "0",
      "reserved_fee": "0",
      "remaining_fee": "0",
      "paid_fee": "12",
      "locked": "0",
      "executed_volume": "0.0002069",
      "trades_count": 1
    },
    {
      "uuid": "C0101000002055132803",
      "side": "ask",
      "ord_type": "limit",
      "price": "145038000",
      "state": "done",
      "market": "KRW-BTC",
      "created_at": "2025-01-05T13:59:58+09:00",
      "volume": "0.0002069",
      "remaining_volume": "0",
      "reserved_fee": "0",
      "remaining_fee": "0",
      "paid_fee": "12",
      "locked": "0",
      "executed_volume": "0.0002069",
      "trades_count": 1
    },
    {
      "uuid": "C0101000002055136298",
      "side": "bid",
      "ord_type": "limit",
      "price": "144982000",
      "state": "done",
      "market": "KRW-BTC",
      "created_at": "2025-01-05T14:06:15+09:00",
      "volume": "0.00020693",
      "remaining_volume": "0",
      "reserved_fee": "75.00281315",
      "remaining_fee": "0",
      "paid_fee": "12",
      "locked": "0",
      "executed_volume": "0.00020693",
      "trades_count": 1
    },
    {
      "uuid": "C0101000002055163799",
      "side": "bid",
      "ord_type": "limit",
      "price": "144990000",
      "state": "done",
      "market": "KRW-BTC",
      "created_at": "2025-01-05T15:02:47+09:00",
      "volume": "0.00020692",
      "remaining_volume": "0",
      "reserved_fee": "75.003327",
      "remaining_fee": "0.0005173",
      "paid_fee": "12",
      "locked": "0",
      "executed_volume": "0.00020692",
      "trades_count": 1
    },
    {
      "uuid": "C0101000002055277976",
      "side": "bid",
      "ord_type": "limit",
      "price": "144200000",
      "state": "done",
      "market": "KRW-BTC",
      "created_at": "2025-01-05T18:34:59+09:00",
      "volume": "0.00024675",
      "remaining_volume": "0",
      "reserved_fee": "88.953375",
      "remaining_fee": "0",
      "paid_fee": "14.23",
      "locked": "0",
      "executed_volume": "0.00024675",
      "trades_count": 1
    },
    {
      "uuid": "C0101000002055404402",
      "side": "bid",
      "ord_type": "limit",
      "price": "144181000",
      "state": "done",
      "market": "KRW-BTC",
      "created_at": "2025-01-05T21:30:16+09:00",
      "volume": "0.00010404",
      "remaining_volume": "0",
      "reserved_fee": "37.5014781",
      "remaining_fee": "0",
      "paid_fee": "6",
      "locked": "0",
      "executed_volume": "0.00010404",
      "trades_count": 1
    },
    {
      "uuid": "C0101000002062198770",
      "side": "bid",
      "ord_type": "limit",
      "price": "142219000",
      "state": "done",
      "market": "KRW-BTC",
      "created_at": "2025-01-09T00:45:03+09:00",
      "volume": "0.0001",
      "remaining_volume": "0",
      "reserved_fee": "35.55475",
      "remaining_fee": "0",
      "paid_fee": "5.68",
      "locked": "0",
      "executed_volume": "0.0001",
      "trades_count": 1
    },
    {
      "uuid": "C0101000002063460154",
      "side": "bid",
      "ord_type": "limit",
      "price": "142130000",
      "state": "done",
      "market": "KRW-BTC",
      "created_at": "2025-01-09T09:11:55+09:00",
      "volume": "0.00014519",
      "remaining_volume": "0",
      "reserved_fee": "51.58963675",
      "remaining_fee": "0",
      "paid_fee": "8.25",
      "locked": "0",
      "executed_volume": "0.00014519",
      "trades_count": 1
    },
    {
      "uuid": "C0101000002084040639",
      "side": "ask",
      "ord_type": "limit",
      "price": "153541000",
      "state": "done",
      "market": "KRW-BTC",
      "created_at": "2025-01-18T10:47:42+09:00",
      "volume": "0.00034051",
      "remaining_volume": "0",
      "reserved_fee": "0",
      "remaining_fee": "0",
      "paid_fee": "20.91",
      "locked": "0",
      "executed_volume": "0.00034051",
      "trades_count": 1
    },
    {
      "uuid": "C0101000002084172436",
      "side": "ask",
      "ord_type": "limit",
      "price": "152972000",
      "state": "done",
      "market": "KRW-BTC",
      "created_at": "2025-01-18T12:55:00+09:00",
      "volume": "0.00013075",
      "remaining_volume": "0",
      "reserved_fee": "0",
      "remaining_fee": "0",
      "paid_fee": "8",
      "locked": "0",
      "executed_volume": "0.00013075",
      "trades_count": 1
    },
    {
      "uuid": "C0101000002088311552",
      "side": "ask",
      "ord_type": "limit",
      "price": "153418000",
      "state": "done",
      "market": "KRW-BTC",
      "created_at": "2025-01-20T10:36:59+09:00",
      "volume": "0.00073346",
      "remaining_volume": "0",
      "reserved_fee": "0",
      "remaining_fee": "0",
      "paid_fee": "45.01",
      "locked": "0",
      "executed_volume": "0.00073346",
      "trades_count": 1
    },
    {
      "uuid": "C0101000002089983250",
      "side": "ask",
      "ord_type": "limit",
      "price": "159942000",
      "state": "done",
      "market": "KRW-BTC",
      "created_at": "2025-01-20T22:02:47+09:00",
      "volume": "0.00055009",
      "remaining_volume": "0",
      "reserved_fee": "0",
      "remaining_fee": "0",
      "paid_fee": "35.19",
      "locked": "0",
      "executed_volume": "0.00055009",
      "trades_count": 1
    },
    {
      "uuid": "C0101000002089984402",
      "side": "ask",
      "ord_type": "limit",
      "price": "160283000",
      "state": "done",
      "market": "KRW-BTC",
      "created_at": "2025-01-20T22:03:09+09:00",
      "volume": "0.00016503",
      "remaining_volume": "0",
      "reserved_fee": "0",
      "remaining_fee": "0",
      "paid_fee": "10.58",
      "locked": "0",
      "executed_volume": "0.00016503",
      "trades_count": 1
    },
    {
      "uuid": "C0101000002089994358",
      "side": "ask",
      "ord_type": "limit",
      "price": "160250000",
      "state": "done",
      "market": "KRW-BTC",
      "created_at": "2025-01-20T22:06:49+09:00",
      "volume": "0.00037131",
      "remaining_volume": "0",
      "reserved_fee": "0",
      "remaining_fee": "0",
      "paid_fee": "23.8",
      "locked": "0",
      "executed_volume": "0.00037131",
      "trades_count": 2
    },
    {
      "uuid": "C0101000002089994887",
      "side": "ask",
      "ord_type": "limit",
      "price": "160300000",
      "state": "done",
      "market": "KRW-BTC",
      "created_at": "2025-01-20T22:07:04+09:00",
      "volume": "0.00055698",
      "remaining_volume": "0",
      "reserved_fee": "0",
      "remaining_fee": "0",
      "paid_fee": "35.71",
      "locked": "0",
      "executed_volume": "0.00055698",
      "trades_count": 1
    },
    {
      "uuid": "C0101000002089995251",
      "side": "ask",
      "ord_type": "limit",
      "price": "160239000",
      "state": "done",
      "market": "KRW-BTC",
      "created_at": "2025-01-20T22:07:12+09:00",
      "volume": "0.00013924",
      "remaining_volume": "0",
      "reserved_fee": "0",
      "remaining_fee": "0",
      "paid_fee": "8.92",
      "locked": "0",
      "executed_volume": "0.00013924",
      "trades_count": 1
    },
    {
      "uuid": "C0101000002091702585",
      "side": "bid",
      "ord_type": "limit",
      "price": "154462000",
      "state": "done",
      "market": "KRW-BTC",
      "created_at": "2025-01-21T08:01:12+09:00",
      "volume": "0.00023728",
      "remaining_volume": "0",
      "reserved_fee": "91.6268584",
      "remaining_fee": "0",
      "paid_fee": "14.66",
      "locked": "0",
      "executed_volume": "0.00023728",
      "trades_count": 1
    },
    {
      "uuid": "C0101000002092497256",
      "side": "bid",
      "ord_type": "limit",
      "price": "154540000",
      "state": "done",
      "market": "KRW-BTC",
      "created_at": "2025-01-21T13:19:15+09:00",
      "volume": "0.00053425",
      "remaining_volume": "0",
      "reserved_fee": "206.4074875",
      "remaining_fee": "0",
      "paid_fee": "33.02",
      "locked": "0",
      "executed_volume": "0.00053425",
      "trades_count": 1
    },
    {
      "uuid": "C0101000002092987227",
      "side": "ask",
      "ord_type": "limit",
      "price": "153800000",
      "state": "done",
      "market": "KRW-BTC",
      "created_at": "2025-01-21T17:43:44+09:00",
      "volume": "0.00059463",
      "remaining_volume": "0",
      "reserved_fee": "0",
      "remaining_fee": "0",
      "paid_fee": "36.58",
      "locked": "0",
      "executed_volume": "0.00059463",
      "trades_count": 1
    },
    {
      "uuid": "C0101000002094953351",
      "side": "bid",
      "ord_type": "limit",
      "price": "156776000",
      "state": "done",
      "market": "KRW-BTC",
      "created_at": "2025-01-22T13:42:50+09:00",
      "volume": "0.00055775",
      "remaining_volume": "0",
      "reserved_fee": "218.604535",
      "remaining_fee": "0",
      "paid_fee": "34.97",
      "locked": "0",
      "executed_volume": "0.00055775",
      "trades_count": 1
    },
    {
      "uuid": "C0101000002094953391",
      "side": "bid",
      "ord_type": "limit",
      "price": "156836000",
      "state": "done",
      "market": "KRW-BTC",
      "created_at": "2025-01-22T13:42:58+09:00",
      "volume": "0.00027877",
      "remaining_volume": "0",
      "reserved_fee": "109.3029293",
      "remaining_fee": "0",
      "paid_fee": "17.48",
      "locked": "0",
      "executed_volume": "0.00027877",
      "trades_count": 1
    },
    {
      "uuid": "C0101000002094953411",
      "side": "bid",
      "ord_type": "limit",
      "price": "156840000",
      "state": "done",
      "market": "KRW-BTC",
      "created_at": "2025-01-22T13:43:02+09:00",
      "volume": "0.00027876",
      "remaining_volume": "0",
      "reserved_fee": "109.301796",
      "remaining_fee": "0",
      "paid_fee": "17.48",
      "locked": "0",
      "executed_volume": "0.00027876",
      "trades_count": 1
    },
    {
      "uuid": "C0101000002096522496",
      "side": "bid",
      "ord_type": "limit",
      "price": "154300000",
      "state": "done",
      "market": "KRW-BTC",
      "created_at": "2025-01-23T10:31:03+09:00",
      "volume": "0.00049648",
      "remaining_volume": "0",
      "reserved_fee": "191.51716",
      "remaining_fee": "0",
      "paid_fee": "30.64",
      "locked": "0",
      "executed_volume": "0.00049648",
      "trades_count": 1
    },
    {
      "uuid": "C0101000002097058669",
      "side": "bid",
      "ord_type": "limit",
      "price": "152551000",
      "state": "done",
      "market": "KRW-BTC",
      "created_at": "2025-01-23T18:41:51+09:00",
      "volume": "0.00045763",
      "remaining_volume": "0",
      "reserved_fee": "174.529785325",
      "remaining_fee": "0",
      "paid_fee": "27.92",
      "locked": "0",
      "executed_volume": "0.00045763",
      "trades_count": 1
    },
    {
      "uuid": "C0101000002102718915",
      "side": "bid",
      "ord_type": "limit",
      "price": "153313000",
      "state": "done",
      "market": "KRW-BTC",
      "created_at": "2025-01-27T17:20:51+09:00",
      "volume": "0.00021801",
      "remaining_volume": "0",
      "reserved_fee": "83.559417825",
      "remaining_fee": "0",
      "paid_fee": "13.36",
      "locked": "0",
      "executed_volume": "0.00021801",
      "trades_count": 1
    },
    {
      "uuid": "C0101000002102719306",
      "side": "bid",
      "ord_type": "limit",
      "price": "153175000",
      "state": "done",
      "market": "KRW-BTC",
      "created_at": "2025-01-27T17:21:01+09:00",
      "volume": "0.00021801",
      "remaining_volume": "0",
      "reserved_fee": "83.484204375",
      "remaining_fee": "0",
      "paid_fee": "13.35",
      "locked": "0",
      "executed_volume": "0.00021801",
      "trades_count": 1
    },
    {
      "uuid": "C0101000002106693330",
      "side": "bid",
      "ord_type": "limit",
      "price": "158691000",
      "state": "done",
      "market": "KRW-BTC",
      "created_at": "2025-01-30T08:44:36+09:00",
      "volume": "0.0001",
      "remaining_volume": "0",
      "reserved_fee": "39.67275",
      "remaining_fee": "0",
      "paid_fee": "6.34",
      "locked": "0",
      "executed_volume": "0.0001",
      "trades_count": 1
    },
    {
      "uuid": "C0101000002107717317",
      "side": "bid",
      "ord_type": "limit",
      "price": "158504000",
      "state": "done",
      "market": "KRW-BTC",
      "created_at": "2025-01-31T10:53:07+09:00",
      "volume": "0.00110287",
      "remaining_volume": "0",
      "reserved_fee": "437.0232662",
      "remaining_fee": "0",
      "paid_fee": "69.92",
      "locked": "0",
      "executed_volume": "0.00110287",
      "trades_count": 1
    },
    {
      "uuid": "C0101000002109066413",
      "side": "bid",
      "ord_type": "limit",
      "price": "156486000",
      "state": "done",
      "market": "KRW-BTC",
      "created_at": "2025-02-01T13:14:20+09:00",
      "volume": "0.00013709",
      "remaining_volume": "0",
      "reserved_fee": "53.63166435",
      "remaining_fee": "0",
      "paid_fee": "8.58",
      "locked": "0",
      "executed_volume": "0.00013709",
      "trades_count": 1
    },
    {
      "uuid": "C0101000002109071211",
      "side": "bid",
      "ord_type": "limit",
      "price": "155700000",
      "state": "done",
      "market": "KRW-BTC",
      "created_at": "2025-02-01T13:20:14+09:00",
      "volume": "0.00012403",
      "remaining_volume": "0",
      "reserved_fee": "48.2786775",
      "remaining_fee": "0",
      "paid_fee": "7.72",
      "locked": "0",
      "executed_volume": "0.00012403",
      "trades_count": 1
    },
    {
      "uuid": "C0101000002110145907",
      "side": "bid",
      "ord_type": "limit",
      "price": "156832000",
      "state": "done",
      "market": "KRW-BTC",
      "created_at": "2025-02-02T08:32:27+09:00",
      "volume": "0.0001",
      "remaining_volume": "0",
      "reserved_fee": "39.208",
      "remaining_fee": "0.002",
      "paid_fee": "6.27",
      "locked": "0",
      "executed_volume": "0.0001",
      "trades_count": 1
    },
    {
      "uuid": "C0101000002110146252",
      "side": "bid",
      "ord_type": "limit",
      "price": "156823000",
      "state": "done",
      "market": "KRW-BTC",
      "created_at": "2025-02-02T08:32:45+09:00",
      "volume": "0.0001",
      "remaining_volume": "0",
      "reserved_fee": "39.20575",
      "remaining_fee": "0",
      "paid_fee": "6.27",
      "locked": "0",
      "executed_volume": "0.0001",
      "trades_count": 1
    },
    {
      "uuid": "C0101000002110163585",
      "side": "bid",
      "ord_type": "limit",
      "price": "157185000",
      "state": "done",
      "market": "KRW-BTC",
      "created_at": "2025-02-02T08:43:51+09:00",
      "volume": "0.0001",
      "remaining_volume": "0",
      "reserved_fee": "39.29625",
      "remaining_fee": "0",
      "paid_fee": "6.28",
      "locked": "0",
      "executed_volume": "0.0001",
      "trades_count": 1
    },
    {
      "uuid": "C0101000002113032381",
      "side": "bid",
      "ord_type": "limit",
      "price": "148698000",
      "state": "done",
      "market": "KRW-BTC",
      "created_at": "2025-02-03T10:28:15+09:00",
      "volume": "0.0001579",
      "remaining_volume": "0",
      "reserved_fee": "58.6985355",
      "remaining_fee": "0",
      "paid_fee": "9.39",
      "locked": "0",
      "executed_volume": "0.0001579",
      "trades_count": 1
    },
    {
      "uuid": "C0101000002113034092",
      "side": "bid",
      "ord_type": "limit",
      "price": "148552000",
      "state": "done",
      "market": "KRW-BTC",
      "created_at": "2025-02-03T10:28:39+09:00",
      "volume": "0.0001",
      "remaining_volume": "0",
      "reserved_fee": "37.138",
      "remaining_fee": "0",
      "paid_fee": "5.94",
      "locked": "0",
      "executed_volume": "0.0001",
      "trades_count": 1
    },
    {
      "uuid": "C0101000002126265398",
      "side": "bid",
      "ord_type": "limit",
      "price": "149169000",
      "state": "done",
      "market": "KRW-BTC",
      "created_at": "2025-02-08T13:01:07+09:00",
      "volume": "0.00010693",
      "remaining_volume": "0",
      "reserved_fee": "39.876602925",
      "remaining_fee": "0",
      "paid_fee": "6.38",
      "locked": "0",
      "executed_volume": "0.00010693",
      "trades_count": 1
    },
    {
      "uuid": "C0101000002214229157",
      "side": "ask",
      "ord_type": "limit",
      "price": "128811000",
      "state": "done",
      "market": "KRW-BTC",
      "created_at": "2025-03-13T21:04:52+09:00",
      "volume": "0.00052288",
      "remaining_volume": "0",
      "reserved_fee": "0",
      "remaining_fee": "0",
      "paid_fee": "26.94",
      "locked": "0",
      "executed_volume": "0.00052288",
      "trades_count": 1
    },
    {
      "uuid": "C0101000002215546071",
      "side": "ask",
      "ord_type": "limit",
      "price": "125000000",
      "state": "done",
      "market": "KRW-BTC",
      "created_at": "2025-03-14T12:56:44+09:00",
      "volume": "0.00047059",
      "remaining_volume": "0",
      "reserved_fee": "0",
      "remaining_fee": "0",
      "paid_fee": "23.52",
      "locked": "0",
      "executed_volume": "0.00047059",
      "trades_count": 1
    },
    {
      "uuid": "C0101000002216926242",
      "side": "ask",
      "ord_type": "limit",
      "price": "124457000",
      "state": "done",
      "market": "KRW-BTC",
      "created_at": "2025-03-15T07:59:55+09:00",
      "volume": "0.00042354",
      "remaining_volume": "0",
      "reserved_fee": "0",
      "remaining_fee": "0",
      "paid_fee": "21.08",
      "locked": "0",
      "executed_volume": "0.00042354",
      "trades_count": 1
    },
    {
      "uuid": "C0101000002217483988",
      "side": "ask",
      "ord_type": "limit",
      "price": "124196000",
      "state": "done",
      "market": "KRW-BTC",
      "created_at": "2025-03-15T21:37:06+09:00",
      "volume": "0.0002",
      "remaining_volume": "0",
      "reserved_fee": "0",
      "remaining_fee": "0",
      "paid_fee": "9.93",
      "locked": "0",
      "executed_volume": "0.0002",
      "trades_count": 1
    },
    {
      "uuid": "C0101000002220786598",
      "side": "ask",
      "ord_type": "limit",
      "price": "121274000",
      "state": "done",
      "market": "KRW-BTC",
      "created_at": "2025-03-19T08:57:53+09:00",
      "volume": "0.00036118",
      "remaining_volume": "0",
      "reserved_fee": "0",
      "remaining_fee": "0",
      "paid_fee": "17.52",
      "locked": "0",
      "executed_volume": "0.00036118",
      "trades_count": 1
    },
    {
      "uuid": "C0101000002220799916",
      "side": "ask",
      "ord_type": "limit",
      "price": "122000000",
      "state": "done",
      "market": "KRW-BTC",
      "created_at": "2025-03-19T09:18:05+09:00",
      "volume": "0.00032506",
      "remaining_volume": "0",
      "reserved_fee": "0",
      "remaining_fee": "0",
      "paid_fee": "15.86",
      "locked": "0",
      "executed_volume": "0.00032506",
      "trades_count": 1
    },
    {
      "uuid": "C0101000002222017486",
      "side": "ask",
      "ord_type": "limit",
      "price": "125288000",
      "state": "done",
      "market": "KRW-BTC",
      "created_at": "2025-03-20T06:43:47+09:00",
      "volume": "0.00029256",
      "remaining_volume": "0",
      "reserved_fee": "0",
      "remaining_fee": "0",
      "paid_fee": "14.66",
      "locked": "0",
      "executed_volume": "0.00029256",
      "trades_count": 1
    },
    {
      "uuid": "C0101000002227163629",
      "side": "bid",
      "ord_type": "limit",
      "price": "127808000",
      "state": "done",
      "market": "KRW-BTC",
      "created_at": "2025-03-25T12:40:56+09:00",
      "volume": "0.00003913",
      "remaining_volume": "0",
      "reserved_fee": "12.5028176",
      "remaining_fee": "0",
      "paid_fee": "2",
      "locked": "0",
      "executed_volume": "0.00003913",
      "trades_count": 1
    },
    {
      "uuid": "C0101000002227170745",
      "side": "ask",
      "ord_type": "limit",
      "price": "127671000",
      "state": "done",
      "market": "KRW-BTC",
      "created_at": "2025-03-25T12:46:54+09:00",
      "volume": "0.00026721",
      "remaining_volume": "0",
      "reserved_fee": "0",
      "remaining_fee": "0",
      "paid_fee": "13.64",
      "locked": "0",
      "executed_volume": "0.00026721",
      "trades_count": 1
    },
    {
      "uuid": "C0101000002227171520",
      "side": "ask",
      "ord_type": "limit",
      "price": "127780000",
      "state": "done",
      "market": "KRW-BTC",
      "created_at": "2025-03-25T12:47:39+09:00",
      "volume": "0.00015667",
      "remaining_volume": "0",
      "reserved_fee": "0",
      "remaining_fee": "0",
      "paid_fee": "8",
      "locked": "0",
      "executed_volume": "0.00015667",
      "trades_count": 1
    },
    {
      "uuid": "C0101000002227216410",
      "side": "ask",
      "ord_type": "limit",
      "price": "127828000",
      "state": "done",
      "market": "KRW-BTC",
      "created_at": "2025-03-25T13:27:19+09:00",
      "volume": "0.00022483",
      "remaining_volume": "0",
      "reserved_fee": "0",
      "remaining_fee": "0",
      "paid_fee": "11.49",
      "locked": "0",
      "executed_volume": "0.00022483",
      "trades_count": 1
    },
    {
      "uuid": "C0101000002228543658",
      "side": "ask",
      "ord_type": "limit",
      "price": "129121000",
      "state": "done",
      "market": "KRW-BTC",
      "created_at": "2025-03-26T09:32:47+09:00",
      "volume": "0.00020234",
      "remaining_volume": "0",
      "reserved_fee": "0",
      "remaining_fee": "0",
      "paid_fee": "10.42",
      "locked": "0",
      "executed_volume": "0.00020234",
      "trades_count": 4
    },
    {
      "uuid": "C0101000002230119387",
      "side": "ask",
      "ord_type": "limit",
      "price": "129140000",
      "state": "done",
      "market": "KRW-BTC",
      "created_at": "2025-03-27T13:07:50+09:00",
      "volume": "0.00045528",
      "remaining_volume": "0",
      "reserved_fee": "0",
      "remaining_fee": "0",
      "paid_fee": "23.51",
      "locked": "0",
      "executed_volume": "0.00045528",
      "trades_count": 1
    },
    {
      "uuid": "C0101000002240910705",
      "side": "bid",
      "ord_type": "limit",
      "price": "123030000",
      "state": "done",
      "market": "KRW-BTC",
      "created_at": "2025-04-03T08:45:54+09:00",
      "volume": "0.00040092",
      "remaining_volume": "0",
      "reserved_fee": "123.312969",
      "remaining_fee": "0",
      "paid_fee": "19.73",
      "locked": "0",
      "executed_volume": "0.00040092",
      "trades_count": 1
    },
    {
      "uuid": "C0101000002250669979",
      "side": "bid",
      "ord_type": "limit",
      "price": "118810000",
      "state": "done",
      "market": "KRW-BTC",
      "created_at": "2025-04-07T06:19:55+09:00",
      "volume": "0.00049763",
      "remaining_volume": "0",
      "reserved_fee": "147.80855075",
      "remaining_fee": "0",
      "paid_fee": "23.64",
      "locked": "0",
      "executed_volume": "0.00049763",
      "trades_count": 1
    },
    {
      "uuid": "C0101000002258799631",
      "side": "bid",
      "ord_type": "limit",
      "price": "115189000",
      "state": "done",
      "market": "KRW-BTC",
      "created_at": "2025-04-09T07:57:22+09:00",
      "volume": "0.00017363",
      "remaining_volume": "0",
      "reserved_fee": "50.000665175",
      "remaining_fee": "0",
      "paid_fee": "8",
      "locked": "0",
      "executed_volume": "0.00017363",
      "trades_count": 1
    },
    {
      "uuid": "C0101000002260592773",
      "side": "bid",
      "ord_type": "limit",
      "price": "114720000",
      "state": "done",
      "market": "KRW-BTC",
      "created_at": "2025-04-09T20:20:43+09:00",
      "volume": "0.00057504",
      "remaining_volume": "0",
      "reserved_fee": "164.921472",
      "remaining_fee": "0.0345024",
      "paid_fee": "26.38",
      "locked": "0",
      "executed_volume": "0.00057504",
      "trades_count": 1
    },
    {
      "uuid": "C0101000002288750490",
      "side": "ask",
      "ord_type": "limit",
      "price": "133149000",
      "state": "done",
      "market": "KRW-BTC",
      "created_at": "2025-04-23T11:40:53+09:00",
      "volume": "0.0003013",
      "remaining_volume": "0",
      "reserved_fee": "0",
      "remaining_fee": "0",
      "paid_fee": "16.05",
      "locked": "0",
      "executed_volume": "0.0003013",
      "trades_count": 1
    },
    {
      "uuid": "C0101000002332417944",
      "side": "ask",
      "ord_type": "limit",
      "price": "150095000",
      "state": "done",
      "market": "KRW-BTC",
      "created_at": "2025-05-21T13:10:23+09:00",
      "volume": "0.00271178",
      "remaining_volume": "0",
      "reserved_fee": "0",
      "remaining_fee": "0",
      "paid_fee": "162.8",
      "locked": "0",
      "executed_volume": "0.00271178",
      "trades_count": 3
    },
    {
      "uuid": "C0101000002333073355",
      "side": "bid",
      "ord_type": "limit",
      "price": "149279000",
      "state": "done",
      "market": "KRW-BTC",
      "created_at": "2025-05-21T21:49:49+09:00",
      "volume": "0.00211529",
      "remaining_volume": "0",
      "reserved_fee": "789.420939775",
      "remaining_fee": "0",
      "paid_fee": "126.3",
      "locked": "0",
      "executed_volume": "0.00211529",
      "trades_count": 1
    },
    {
      "uuid": "C0101000002334688769",
      "side": "ask",
      "ord_type": "limit",
      "price": "153048000",
      "state": "done",
      "market": "KRW-BTC",
      "created_at": "2025-05-22T09:16:39+09:00",
      "volume": "0.00211529",
      "remaining_volume": "0",
      "reserved_fee": "0",
      "remaining_fee": "0",
      "paid_fee": "129.48",
      "locked": "0",
      "executed_volume": "0.00211529",
      "trades_count": 2
    },
    {
      "uuid": "C0101000002339181165",
      "side": "bid",
      "ord_type": "limit",
      "price": "151338000",
      "state": "done",
      "market": "KRW-BTC",
      "created_at": "2025-05-24T13:23:41+09:00",
      "volume": "0.00013555",
      "remaining_volume": "0",
      "reserved_fee": "51.28466475",
      "remaining_fee": "0",
      "paid_fee": "8.2",
      "locked": "0",
      "executed_volume": "0.00013555",
      "trades_count": 1
    },
    {
      "uuid": "C0101000002343809519",
      "side": "bid",
      "ord_type": "limit",
      "price": "150934000",
      "state": "done",
      "market": "KRW-BTC",
      "created_at": "2025-05-28T11:34:53+09:00",
      "volume": "0.00007057",
      "remaining_volume": "0",
      "reserved_fee": "26.62853095",
      "remaining_fee": "0",
      "paid_fee": "4.26",
      "locked": "0",
      "executed_volume": "0.00007057",
      "trades_count": 1
    },
    {
      "uuid": "C0101000002347442417",
      "side": "bid",
      "ord_type": "limit",
      "price": "147123000",
      "state": "done",
      "market": "KRW-BTC",
      "created_at": "2025-05-31T09:22:29+09:00",
      "volume": "0.00014715",
      "remaining_volume": "0",
      "reserved_fee": "54.122873625",
      "remaining_fee": "0",
      "paid_fee": "8.65",
      "locked": "0",
      "executed_volume": "0.00014715",
      "trades_count": 1
    },
    {
      "uuid": "C0101000002348112506",
      "side": "bid",
      "ord_type": "limit",
      "price": "147644000",
      "state": "done",
      "market": "KRW-BTC",
      "created_at": "2025-06-01T10:48:49+09:00",
      "volume": "0.00011005",
      "remaining_volume": "0",
      "reserved_fee": "40.6205555",
      "remaining_fee": "0",
      "paid_fee": "6.49",
      "locked": "0",
      "executed_volume": "0.00011005",
      "trades_count": 1
    },
    {
      "uuid": "C0101000002348859272",
      "side": "bid",
      "ord_type": "limit",
      "price": "147486000",
      "state": "done",
      "market": "KRW-BTC",
      "created_at": "2025-06-02T15:58:55+09:00",
      "volume": "0.00013975",
      "remaining_volume": "0",
      "reserved_fee": "51.52792125",
      "remaining_fee": "0.00559",
      "paid_fee": "8.24",
      "locked": "0",
      "executed_volume": "0.00013975",
      "trades_count": 1
    },
    {
      "uuid": "C0101000002350892003",
      "side": "bid",
      "ord_type": "limit",
      "price": "145136000",
      "state": "done",
      "market": "KRW-BTC",
      "created_at": "2025-06-05T14:06:53+09:00",
      "volume": "0.0000775",
      "remaining_volume": "0",
      "reserved_fee": "28.1201",
      "remaining_fee": "0",
      "paid_fee": "4.49",
      "locked": "0",
      "executed_volume": "0.0000775",
      "trades_count": 1
    },
    {
      "uuid": "C0101000002397341652",
      "side": "bid",
      "ord_type": "limit",
      "price": "160979000",
      "state": "done",
      "market": "KRW-BTC",
      "created_at": "2025-07-19T06:10:53+09:00",
      "volume": "0.00015556",
      "remaining_volume": "0",
      "reserved_fee": "62.6047331",
      "remaining_fee": "0",
      "paid_fee": "10",
      "locked": "0",
      "executed_volume": "0.00015556",
      "trades_count": 2
    },
    {
      "uuid": "C0101000002411754352",
      "side": "bid",
      "ord_type": "limit",
      "price": "158075000",
      "state": "done",
      "market": "KRW-BTC",
      "created_at": "2025-08-02T08:56:50+09:00",
      "volume": "0.0004217",
      "remaining_volume": "0",
      "reserved_fee": "166.65056875",
      "remaining_fee": "0",
      "paid_fee": "26.66",
      "locked": "0",
      "executed_volume": "0.0004217",
      "trades_count": 1
    },
    {
      "uuid": "C0101000002417653470",
      "side": "ask",
      "ord_type": "limit",
      "price": "161287000",
      "state": "done",
      "market": "KRW-BTC",
      "created_at": "2025-08-07T20:03:25+09:00",
      "volume": "0.00012578",
      "remaining_volume": "0",
      "reserved_fee": "0",
      "remaining_fee": "0",
      "paid_fee": "8.11",
      "locked": "0",
      "executed_volume": "0.00012578",
      "trades_count": 1
    },
    {
      "uuid": "C0101000002431334440",
      "side": "bid",
      "ord_type": "limit",
      "price": "160716000",
      "state": "done",
      "market": "KRW-BTC",
      "created_at": "2025-08-18T12:16:38+09:00",
      "volume": "0.00046146",
      "remaining_volume": "0",
      "reserved_fee": "185.4100134",
      "remaining_fee": "0.33801945",
      "paid_fee": "29.61",
      "locked": "0",
      "executed_volume": "0.00046146",
      "trades_count": 1
    }
  ]
}