{
  "SUIUSDT": [
    {
      "uuid": "C0745000000137772722",
      "side": "bid",
      "ord_type": "limit",
      "price": "6295",
      "state": "done",
      "market": "KRW-SUI",
      "created_at": "2025-01-25T08:28:43+09:00",
      "volume": "5.34240253",
      "remaining_volume": "0",
      "reserved_fee": "84.076059815875",
      "remaining_fee": "0.000000000875",
      "paid_fee": "13.45",
      "locked": "0",
      "executed_volume": "5.34240253",
      "trades_count": 3
    },
    {
      "uuid": "C0745000000137772845",
      "side": "bid",
      "ord_type": "limit",
      "price": "6280",
      "state": "done",
      "market": "KRW-SUI",
      "created_at": "2025-01-25T08:29:53+09:00",
      "volume": "1.60374282",
      "remaining_volume": "0",
      "reserved_fee": "25.178762274",
      "remaining_fee": "0",
      "paid_fee": "4.02",
      "locked": "0",
      "executed_volume": "1.60374282",
      "trades_count": 1
    },
    {
      "uuid": "C0745000000137774228",
      "side": "bid",
      "ord_type": "limit",
      "price": "6260",
      "state": "done",
      "market": "KRW-SUI",
      "created_at": "2025-01-25T08:43:49+09:00",
      "volume": "3.62776219",
      "remaining_volume": "0",
      "reserved_fee": "56.7744782735",
      "remaining_fee": "0.000000001",
      "paid_fee": "9.08",
      "locked": "0",
      "executed_volume": "3.62776219",
      "trades_count": 1
    },
    {
      "uuid": "C0745000000138077338",
      "side": "bid",
      "ord_type": "limit",
      "price": "5720",
      "state": "done",
      "market": "KRW-SUI",
      "created_at": "2025-01-27T11:06:45+09:00",
      "volume": "5.24475525",
      "remaining_volume": "0",
      "reserved_fee": "75.000000075",
      "remaining_fee": "0.06555944",
      "paid_fee": "11.98",
      "locked": "0",
      "executed_volume": "5.24475525",
      "trades_count": 1
    },
    {
      "uuid": "C0745000000138102530",
      "side": "bid",
      "ord_type": "limit",
      "price": "5745",
      "state": "done",
      "market": "KRW-SUI",
      "created_at": "2025-01-27T13:12:17+09:00",
      "volume": "7.18124618",
      "remaining_volume": "0",
      "reserved_fee": "103.14064826025",
      "remaining_fee": "0.00000000025",
      "paid_fee": "16.5",
      "locked": "0",
      "executed_volume": "7.18124618",
      "trades_count": 1
    },
    {
      "uuid": "C0745000000138171131",
      "side": "bid",
      "ord_type": "limit",
      "price": "5490",
      "state": "done",
      "market": "KRW-SUI",
      "created_at": "2025-01-27T17:20:42+09:00",
      "volume": "6.76489105",
      "remaining_volume": "0",
      "reserved_fee": "92.84812966125",
      "remaining_fee": "0",
      "paid_fee": "14.85",
      "locked": "0",
      "executed_volume": "6.76489105",
      "trades_count": 1
    },
    {
      "uuid": "C0745000000138464255",
      "side": "ask",
      "ord_type": "limit",
      "price": "5860",
      "state": "done",
      "market": "KRW-SUI",
      "created_at": "2025-01-28T19:45:22+09:00",
      "volume": "14.88240001",
      "remaining_volume": "0",
      "reserved_fee": "0",
      "remaining_fee": "0",
      "paid_fee": "34.88",
      "locked": "0",
      "executed_volume": "14.88240001",
      "trades_count": 1
    },
    {
      "uuid": "C0745000000138464279",
      "side": "ask",
      "ord_type": "limit",
      "price": "5880",
      "state": "done",
      "market": "KRW-SUI",
      "created_at": "2025-01-28T19:45:51+09:00",
      "volume": "7.4412",
      "remaining_volume": "0",
      "reserved_fee": "0",
      "remaining_fee": "0",
      "paid_fee": "17.5",
      "locked": "0",
      "executed_volume": "7.4412",
      "trades_count": 1
    },
    {
      "uuid": "C0745000000138593324",
      "side": "bid",
      "ord_type": "limit",
      "price": "5680",
      "state": "done",
      "market": "KRW-SUI",
      "created_at": "2025-01-29T10:20:04+09:00",
      "volume": "4.38596492",
      "remaining_volume": "0",
      "reserved_fee": "62.280701864",
      "remaining_fee": "0",
      "paid_fee": "9.96",
      "locked": "0",
      "executed_volume": "4.38596492",
      "trades_count": 1
    },
    {
      "uuid": "C0745000000138618119",
      "side": "ask",
      "ord_type": "limit",
      "price": "5775",
      "state": "done",
      "market": "KRW-SUI",
      "created_at": "2025-01-29T13:34:08+09:00",
      "volume": "2.95679123",
      "remaining_volume": "0",
      "reserved_fee": "0",
      "remaining_fee": "0",
      "paid_fee": "6.83",
      "locked": "0",
      "executed_volume": "2.95679123",
      "trades_count": 1
    },
    {
      "uuid": "C0745000000138618149",
      "side": "bid",
      "ord_type": "limit",
      "price": "5695",
      "state": "done",
      "market": "KRW-SUI",
      "created_at": "2025-01-29T13:34:20+09:00",
      "volume": "5.11326578",
      "remaining_volume": "0",
      "reserved_fee": "72.80012154275",
      "remaining_fee": "0.00000000025",
      "paid_fee": "11.64",
      "locked": "0",
      "executed_volume": "5.11326578",
      "trades_count": 1
    },
    {
      "uuid": "C0745000000138813796",
      "side": "bid",
      "ord_type": "limit",
      "price": "5720",
      "state": "done",
      "market": "KRW-SUI",
      "created_at": "2025-01-30T08:29:43+09:00",
      "volume": "1.74825175",
      "remaining_volume": "0",
      "reserved_fee": "25.000000025",
      "remaining_fee": "0",
      "paid_fee": "3.99",
      "locked": "0",
      "executed_volume": "1.74825175",
      "trades_count": 2
    },
    {
      "uuid": "C0745000000138868251",
      "side": "ask",
      "ord_type": "limit",
      "price": "6060",
      "state": "done",
      "market": "KRW-SUI",
      "created_at": "2025-01-30T13:09:29+09:00",
      "volume": "7.86594561",
      "remaining_volume": "0",
      "reserved_fee": "0",
      "remaining_fee": "0",
      "paid_fee": "19.06",
      "locked": "0",
      "executed_volume": "7.86594561",
      "trades_count": 1
    },
    {
      "uuid": "C0745000000138868671",
      "side": "ask",
      "ord_type": "limit",
      "price": "6035",
      "state": "done",
      "market": "KRW-SUI",
      "created_at": "2025-01-30T13:10:29+09:00",
      "volume": "2.48550125",
      "remaining_volume": "0",
      "reserved_fee": "0",
      "remaining_fee": "0",
      "paid_fee": "6",
      "locked": "0",
      "executed_volume": "2.48550125",
      "trades_count": 1
    },
    {
      "uuid": "C0745000000139743476",
      "side": "bid",
      "ord_type": "limit",
      "price": "5870",
      "state": "done",
      "market": "KRW-SUI",
      "created_at": "2025-02-02T08:32:05+09:00",
      "volume": "2.96097915",
      "remaining_volume": "0",
      "reserved_fee": "43.45236902625",
      "remaining_fee": "0",
      "paid_fee": "6.95",
      "locked": "0",
      "executed_volume": "2.96097915",
      "trades_count": 1
    },
    {
      "uuid": "C0745000000142054034",
      "side": "bid",
      "ord_type": "limit",
      "price": "5560",
      "state": "done",
      "market": "KRW-SUI",
      "created_at": "2025-02-05T19:20:00+09:00",
      "volume": "2.52080372",
      "remaining_volume": "0",
      "reserved_fee": "35.039171708",
      "remaining_fee": "0.0000000005",
      "paid_fee": "5.6",
      "locked": "0",
      "executed_volume": "2.52080372",
      "trades_count": 1
    },
    {
      "uuid": "C0745000000142330408",
      "side": "bid",
      "ord_type": "limit",
      "price": "5195",
      "state": "done",
      "market": "KRW-SUI",
      "created_at": "2025-02-06T08:35:36+09:00",
      "volume": "3.04660613",
      "remaining_volume": "0",
      "reserved_fee": "39.567797113375",
      "remaining_fee": "0.000000000875",
      "paid_fee": "6.33",
      "locked": "0",
      "executed_volume": "3.04660613",
      "trades_count": 1
    },
    {
      "uuid": "C0745000000152748528",
      "side": "bid",
      "ord_type": "limit",
      "price": "3964",
      "state": "done",
      "market": "KRW-SUI",
      "created_at": "2025-02-25T19:38:11+09:00",
      "volume": "2.34737324",
      "remaining_volume": "0",
      "reserved_fee": "23.2624688084",
      "remaining_fee": "0.0058684334",
      "paid_fee": "3.72",
      "locked": "0",
      "executed_volume": "2.34737324",
      "trades_count": 1
    },
    {
      "uuid": "C0745000000176258987",
      "side": "ask",
      "ord_type": "limit",
      "price": "3464",
      "state": "done",
      "market": "KRW-SUI",
      "created_at": "2025-03-25T13:27:53+09:00",
      "volume": "4.06405165",
      "remaining_volume": "0",
      "reserved_fee": "0",
      "remaining_fee": "0",
      "paid_fee": "5.63",
      "locked": "0",
      "executed_volume": "4.06405165",
      "trades_count": 2
    },
    {
      "uuid": "C0745000000177232115",
      "side": "bid",
      "ord_type": "limit",
      "price": "3762",
      "state": "done",
      "market": "KRW-SUI",
      "created_at": "2025-03-26T18:46:27+09:00",
      "volume": "2.65816056",
      "remaining_volume": "0",
      "reserved_fee": "25.0000000668",
      "remaining_fee": "0",
      "paid_fee": "4",
      "locked": "0",
      "executed_volume": "2.65816056",
      "trades_count": 1
    },
    {
      "uuid": "C0745000000209986503",
      "side": "ask",
      "ord_type": "limit",
      "price": "5230",
      "state": "done",
      "market": "KRW-SUI",
      "created_at": "2025-04-25T19:31:31+09:00",
      "volume": "14.85031552",
      "remaining_volume": "0",
      "reserved_fee": "0",
      "remaining_fee": "0",
      "paid_fee": "31.06",
      "locked": "0",
      "executed_volume": "14.85031552",
      "trades_count": 1
    }
  ]
}