{
  "ETHUSDT": [
    {
      "uuid": "C0102000000850018890",
      "side": "bid",
      "ord_type": "limit",
      "price": "4641000",
      "state": "done",
      "market": "KRW-ETH",
      "created_at": "2024-11-12T23:09:00+09:00",
      "volume": "0.00107736",
      "remaining_volume": "0",
      "reserved_fee": "12.5000694",
      "remaining_fee": "0",
      "paid_fee": "1.99",
      "locked": "0",
      "executed_volume": "0.00107736",
      "trades_count": 2
    },
    {
      "uuid": "C0102000000851181052",
      "side": "ask",
      "ord_type": "limit",
      "price": "4903000",
      "state": "done",
      "market": "KRW-ETH",
      "created_at": "2024-11-14T01:58:05+09:00",
      "volume": "0.00126368",
      "remaining_volume": "0",
      "reserved_fee": "0",
      "remaining_fee": "0",
      "paid_fee": "2.47",
      "locked": "0",
      "executed_volume": "0.00126368",
      "trades_count": 1
    },
    {
      "uuid": "C0102000000852893693",
      "side": "bid",
      "ord_type": "limit",
      "price": "4362000",
      "state": "done",
      "market": "KRW-ETH",
      "created_at": "2024-11-15T16:03:01+09:00",
      "volume": "0.00229253",
      "remaining_volume": "0",
      "reserved_fee": "25.00003965",
      "remaining_fee": "0",
      "paid_fee": "4",
      "locked": "0",
      "executed_volume": "0.00229253",
      "trades_count": 1
    },
    {
      "uuid": "C0102000000858914597",
      "side": "bid",
      "ord_type": "limit",
      "price": "4572000",
      "state": "done",
      "market": "KRW-ETH",
      "created_at": "2024-11-22T23:06:12+09:00",
      "volume": "0.00109362",
      "remaining_volume": "0",
      "reserved_fee": "12.5000766",
      "remaining_fee": "0",
      "paid_fee": "2",
      "locked": "0",
      "executed_volume": "0.00109362",
      "trades_count": 1
    },
    {
      "uuid": "C0102000000877813703",
      "side": "bid",
      "ord_type": "limit",
      "price": "5673000",
      "state": "done",
      "market": "KRW-ETH",
      "created_at": "2024-12-17T00:07:32+09:00",
      "volume": "0.00088137",
      "remaining_volume": "0",
      "reserved_fee": "12.500030025",
      "remaining_fee": "0",
      "paid_fee": "2",
      "locked": "0",
      "executed_volume": "0.00088137",
      "trades_count": 1
    },
    {
      "uuid": "C0102000000878885863",
      "side": "bid",
      "ord_type": "limit",
      "price": "5734000",
      "state": "done",
      "market": "KRW-ETH",
      "created_at": "2024-12-18T01:02:38+09:00",
      "volume": "0.000872",
      "remaining_volume": "0",
      "reserved_fee": "12.50012",
      "remaining_fee": "0.00436",
      "paid_fee": "1.99",
      "locked": "0",
      "executed_volume": "0.000872",
      "trades_count": 1
    },
    {
      "uuid": "C0102000000879232583",
      "side": "bid",
      "ord_type": "limit",
      "price": "5677000",
      "state": "done",
      "market": "KRW-ETH",
      "created_at": "2024-12-18T08:48:38+09:00",
      "volume": "0.00528449",
      "remaining_volume": "0",
      "reserved_fee": "75.000124325",
      "remaining_fee": "0.02642245",
      "paid_fee": "11.99",
      "locked": "0",
      "executed_volume": "0.00528449",
      "trades_count": 1
    },
    {
      "uuid": "C0102000000879330031",
      "side": "bid",
      "ord_type": "limit",
      "price": "5652000",
      "state": "done",
      "market": "KRW-ETH",
      "created_at": "2024-12-18T10:42:33+09:00",
      "volume": "0.00176929",
      "remaining_volume": "0",
      "reserved_fee": "25.0000677",
      "remaining_fee": "0",
      "paid_fee": "4",
      "locked": "0",
      "executed_volume": "0.00176929",
      "trades_count": 1
    },
    {
      "uuid": "C0102000000880468355",
      "side": "bid",
      "ord_type": "limit",
      "price": "5354000",
      "state": "done",
      "market": "KRW-ETH",
      "created_at": "2024-12-19T08:53:47+09:00",
      "volume": "0.00093389",
      "remaining_volume": "0",
      "reserved_fee": "12.50011765",
      "remaining_fee": "0",
      "paid_fee": "2",
      "locked": "0",
      "executed_volume": "0.00093389",
      "trades_count": 1
    },
    {
      "uuid": "C0102000000880531678",
      "side": "bid",
      "ord_type": "limit",
      "price": "5426000",
      "state": "done",
      "market": "KRW-ETH",
      "created_at": "2024-12-19T09:52:18+09:00",
      "volume": "0.00322084",
      "remaining_volume": "0",
      "reserved_fee": "43.6906946",
      "remaining_fee": "0",
      "paid_fee": "6.99",
      "locked": "0",
      "executed_volume": "0.00322084",
      "trades_count": 1
    },
    {
      "uuid": "C0102000000880954212",
      "side": "bid",
      "ord_type": "limit",
      "price": "5487000",
      "state": "done",
      "market": "KRW-ETH",
      "created_at": "2024-12-19T18:06:18+09:00",
      "volume": "0.00182249",
      "remaining_volume": "0",
      "reserved_fee": "25.000006575",
      "remaining_fee": "0",
      "paid_fee": "4",
      "locked": "0",
      "executed_volume": "0.00182249",
      "trades_count": 1
    },
    {
      "uuid": "C0102000000881264566",
      "side": "bid",
      "ord_type": "limit",
      "price": "5357000",
      "state": "done",
      "market": "KRW-ETH",
      "created_at": "2024-12-20T00:36:38+09:00",
      "volume": "0.00186672",
      "remaining_volume": "0",
      "reserved_fee": "25.0000476",
      "remaining_fee": "0.0046668",
      "paid_fee": "3.99",
      "locked": "0",
      "executed_volume": "0.00186672",
      "trades_count": 1
    },
    {
      "uuid": "C0102000000881264956",
      "side": "bid",
      "ord_type": "limit",
      "price": "5357000",
      "state": "done",
      "market": "KRW-ETH",
      "created_at": "2024-12-20T00:36:54+09:00",
      "volume": "0.00186672",
      "remaining_volume": "0",
      "reserved_fee": "25.0000476",
      "remaining_fee": "0.0280008",
      "paid_fee": "3.99",
      "locked": "0",
      "executed_volume": "0.00186672",
      "trades_count": 1
    },
    {
      "uuid": "C0102000000881265131",
      "side": "bid",
      "ord_type": "limit",
      "price": "5327000",
      "state": "done",
      "market": "KRW-ETH",
      "created_at": "2024-12-20T00:37:02+09:00",
      "volume": "0.00186672",
      "remaining_volume": "0",
      "reserved_fee": "24.8600436",
      "remaining_fee": "0",
      "paid_fee": "3.97",
      "locked": "0",
      "executed_volume": "0.00186672",
      "trades_count": 1
    },
    {
      "uuid": "C0102000000881782220",
      "side": "bid",
      "ord_type": "limit",
      "price": "5191000",
      "state": "done",
      "market": "KRW-ETH",
      "created_at": "2024-12-20T07:20:53+09:00",
      "volume": "0.00577924",
      "remaining_volume": "0",
      "reserved_fee": "75.0000871",
      "remaining_fee": "0",
      "paid_fee": "12",
      "locked": "0",
      "executed_volume": "0.00577924",
      "trades_count": 1
    },
    {
      "uuid": "C0102000000881791616",
      "side": "bid",
      "ord_type": "limit",
      "price": "5195000",
      "state": "done",
      "market": "KRW-ETH",
      "created_at": "2024-12-20T07:30:37+09:00",
      "volume": "0.00096247",
      "remaining_volume": "0",
      "reserved_fee": "12.500079125",
      "remaining_fee": "0",
      "paid_fee": "2",
      "locked": "0",
      "executed_volume": "0.00096247",
      "trades_count": 1
    },
    {
      "uuid": "C0102000000881847140",
      "side": "bid",
      "ord_type": "limit",
      "price": "5210000",
      "state": "done",
      "market": "KRW-ETH",
      "created_at": "2024-12-20T08:30:29+09:00",
      "volume": "0.00383878",
      "remaining_volume": "0",
      "reserved_fee": "50.0001095",
      "remaining_fee": "0",
      "paid_fee": "8",
      "locked": "0",
      "executed_volume": "0.00383878",
      "trades_count": 1
    },
    {
      "uuid": "C0102000000882283558",
      "side": "bid",
      "ord_type": "limit",
      "price": "5066000",
      "state": "done",
      "market": "KRW-ETH",
      "created_at": "2024-12-20T15:13:53+09:00",
      "volume": "0.00197395",
      "remaining_volume": "0",
      "reserved_fee": "25.00007675",
      "remaining_fee": "0.004934875",
      "paid_fee": "3.99",
      "locked": "0",
      "executed_volume": "0.00197395",
      "trades_count": 1
    },
    {
      "uuid": "C0102000000882354486",
      "side": "bid",
      "ord_type": "limit",
      "price": "5108000",
      "state": "done",
      "market": "KRW-ETH",
      "created_at": "2024-12-20T16:10:53+09:00",
      "volume": "0.00195772",
      "remaining_volume": "0",
      "reserved_fee": "25.0000844",
      "remaining_fee": "0.0048943",
      "paid_fee": "3.99",
      "locked": "0",
      "executed_volume": "0.00195772",
      "trades_count": 1
    },
    {
      "uuid": "C0102000000882552703",
      "side": "bid",
      "ord_type": "limit",
      "price": "4970000",
      "state": "done",
      "market": "KRW-ETH",
      "created_at": "2024-12-20T18:41:58+09:00",
      "volume": "0.00201208",
      "remaining_volume": "0",
      "reserved_fee": "25.000094",
      "remaining_fee": "0",
      "paid_fee": "4",
      "locked": "0",
      "executed_volume": "0.00201208",
      "trades_count": 1
    },
    {
      "uuid": "C0102000000882657715",
      "side": "bid",
      "ord_type": "limit",
      "price": "4885000",
      "state": "done",
      "market": "KRW-ETH",
      "created_at": "2024-12-20T19:44:35+09:00",
      "volume": "0.00204709",
      "remaining_volume": "0",
      "reserved_fee": "25.000086625",
      "remaining_fee": "0.005117725",
      "paid_fee": "3.99",
      "locked": "0",
      "executed_volume": "0.00204709",
      "trades_count": 1
    },
    {
      "uuid": "C0102000000883070664",
      "side": "bid",
      "ord_type": "limit",
      "price": "5110000",
      "state": "done",
      "market": "KRW-ETH",
      "created_at": "2024-12-21T00:23:04+09:00",
      "volume": "0.00195695",
      "remaining_volume": "0",
      "reserved_fee": "25.00003625",
      "remaining_fee": "0.014677125",
      "paid_fee": "3.99",
      "locked": "0",
      "executed_volume": "0.00195695",
      "trades_count": 1
    },
    {
      "uuid": "C0102000000884356007",
      "side": "ask",
      "ord_type": "limit",
      "price": "5123000",
      "state": "done",
      "market": "KRW-ETH",
      "created_at": "2024-12-22T00:11:34+09:00",
      "volume": "0.000976",
      "remaining_volume": "0",
      "reserved_fee": "0",
      "remaining_fee": "0",
      "paid_fee": "2",
      "locked": "0",
      "executed_volume": "0.000976",
      "trades_count": 1
    },
    {
      "uuid": "C0102000000885432622",
      "side": "ask",
      "ord_type": "limit",
      "price": "5050000",
      "state": "done",
      "market": "KRW-ETH",
      "created_at": "2024-12-22T23:27:35+09:00",
      "volume": "0.0019802",
      "remaining_volume": "0",
      "reserved_fee": "0",
      "remaining_fee": "0",
      "paid_fee": "4",
      "locked": "0",
      "executed_volume": "0.0019802",
      "trades_count": 1
    },
    {
      "uuid": "C0102000000885517540",
      "side": "bid",
      "ord_type": "limit",
      "price": "5016000",
      "state": "done",
      "market": "KRW-ETH",
      "created_at": "2024-12-23T01:00:20+09:00",
      "volume": "0.00099682",
      "remaining_volume": "0",
      "reserved_fee": "12.5001228",
      "remaining_fee": "0.00747615",
      "paid_fee": "1.99",
      "locked": "0",
      "executed_volume": "0.00099682",
      "trades_count": 1
    },
    {
      "uuid": "C0102000000885928895",
      "side": "bid",
      "ord_type": "limit",
      "price": "4967000",
      "state": "done",
      "market": "KRW-ETH",
      "created_at": "2024-12-23T09:18:32+09:00",
      "volume": "0.00201329",
      "remaining_volume": "0",
      "reserved_fee": "25.000028575",
      "remaining_fee": "0.01006645",
      "paid_fee": "3.99",
      "locked": "0",
      "executed_volume": "0.00201329",
      "trades_count": 1
    },
    {
      "uuid": "C0102000000887101780",
      "side": "bid",
      "ord_type": "limit",
      "price": "5062000",
      "state": "done",
      "market": "KRW-ETH",
      "created_at": "2024-12-24T10:52:22+09:00",
      "volume": "0.00717191",
      "remaining_volume": "0",
      "reserved_fee": "90.76052105",
      "remaining_fee": "0",
      "paid_fee": "14.52",
      "locked": "0",
      "executed_volume": "0.00717191",
      "trades_count": 1
    },
    {
      "uuid": "C0102000000887129458",
      "side": "bid",
      "ord_type": "limit",
      "price": "5105000",
      "state": "done",
      "market": "KRW-ETH",
      "created_at": "2024-12-24T11:35:14+09:00",
      "volume": "0.04886426",
      "remaining_volume": "0",
      "reserved_fee": "623.63011825",
      "remaining_fee": "0",
      "paid_fee": "99.78",
      "locked": "0",
      "executed_volume": "0.04886426",
      "trades_count": 1
    },
    {
      "uuid": "C0102000000887144610",
      "side": "ask",
      "ord_type": "limit",
      "price": "5113000",
      "state": "done",
      "market": "KRW-ETH",
      "created_at": "2024-12-24T12:06:10+09:00",
      "volume": "0.05050123",
      "remaining_volume": "0",
      "reserved_fee": "0",
      "remaining_fee": "0",
      "paid_fee": "103.28",
      "locked": "0",
      "executed_volume": "0.05050123",
      "trades_count": 1
    },
    {
      "uuid": "C0102000000887146541",
      "side": "ask",
      "ord_type": "limit",
      "price": "5092000",
      "state": "done",
      "market": "KRW-ETH",
      "created_at": "2024-12-24T12:11:08+09:00",
      "volume": "0.05050123",
      "remaining_volume": "0",
      "reserved_fee": "0",
      "remaining_fee": "0",
      "paid_fee": "102.86",
      "locked": "0",
      "executed_volume": "0.05050123",
      "trades_count": 1
    },
    {
      "uuid": "C0102000000887429339",
      "side": "bid",
      "ord_type": "limit",
      "price": "5209000",
      "state": "done",
      "market": "KRW-ETH",
      "created_at": "2024-12-24T23:41:27+09:00",
      "volume": "0.00575927",
      "remaining_volume": "0",
      "reserved_fee": "75.000093575",
      "remaining_fee": "0",
      "paid_fee": "12",
      "locked": "0",
      "executed_volume": "0.00575927",
      "trades_count": 1
    },
    {
      "uuid": "C0102000000887450585",
      "side": "bid",
      "ord_type": "limit",
      "price": "5209000",
      "state": "done",
      "market": "KRW-ETH",
      "created_at": "2024-12-25T00:23:22+09:00",
      "volume": "0.00191976",
      "remaining_volume": "0",
      "reserved_fee": "25.0000746",
      "remaining_fee": "0.0095988",
      "paid_fee": "3.99",
      "locked": "0",
      "executed_volume": "0.00191976",
      "trades_count": 1
    },
    {
      "uuid": "C0102000000887451079",
      "side": "bid",
      "ord_type": "limit",
      "price": "5207000",
      "state": "done",
      "market": "KRW-ETH",
      "created_at": "2024-12-25T00:24:13+09:00",
      "volume": "0.02168197",
      "remaining_volume": "0",
      "reserved_fee": "282.245044475",
      "remaining_fee": "0",
      "paid_fee": "45.15",
      "locked": "0",
      "executed_volume": "0.02168197",
      "trades_count": 1
    },
    {
      "uuid": "C0102000000887475613",
      "side": "bid",
      "ord_type": "limit",
      "price": "5233000",
      "state": "done",
      "market": "KRW-ETH",
      "created_at": "2024-12-25T01:01:52+09:00",
      "volume": "0.0414962",
      "remaining_volume": "0",
      "reserved_fee": "542.8740365",
      "remaining_fee": "0",
      "paid_fee": "86.85",
      "locked": "0",
      "executed_volume": "0.0414962",
      "trades_count": 1
    },
    {
      "uuid": "C0102000000887573736",
      "side": "bid",
      "ord_type": "limit",
      "price": "5149000",
      "state": "done",
      "market": "KRW-ETH",
      "created_at": "2024-12-25T05:07:16+09:00",
      "volume": "0.00582638",
      "remaining_volume": "0",
      "reserved_fee": "75.00007655",
      "remaining_fee": "0.0291319",
      "paid_fee": "11.99",
      "locked": "0",
      "executed_volume": "0.00582638",
      "trades_count": 1
    },
    {
      "uuid": "C0102000000887710896",
      "side": "bid",
      "ord_type": "limit",
      "price": "5179000",
      "state": "done",
      "market": "KRW-ETH",
      "created_at": "2024-12-25T11:00:55+09:00",
      "volume": "0.00193088",
      "remaining_volume": "0",
      "reserved_fee": "25.0000688",
      "remaining_fee": "0",
      "paid_fee": "4",
      "locked": "0",
      "executed_volume": "0.00193088",
      "trades_count": 1
    },
    {
      "uuid": "C0102000000888793570",
      "side": "bid",
      "ord_type": "limit",
      "price": "5035000",
      "state": "done",
      "market": "KRW-ETH",
      "created_at": "2024-12-27T00:21:05+09:00",
      "volume": "0.00133766",
      "remaining_volume": "0",
      "reserved_fee": "16.83779525",
      "remaining_fee": "0",
      "paid_fee": "2.69",
      "locked": "0",
      "executed_volume": "0.00133766",
      "trades_count": 2
    },
    {
      "uuid": "C0102000000889608583",
      "side": "bid",
      "ord_type": "limit",
      "price": "5042000",
      "state": "done",
      "market": "KRW-ETH",
      "created_at": "2024-12-28T00:08:50+09:00",
      "volume": "0.00099167",
      "remaining_volume": "0",
      "reserved_fee": "12.50000035",
      "remaining_fee": "0.002479175",
      "paid_fee": "1.99",
      "locked": "0",
      "executed_volume": "0.00099167",
      "trades_count": 1
    },
    {
      "uuid": "C0102000000890094290",
      "side": "bid",
      "ord_type": "limit",
      "price": "5017000",
      "state": "done",
      "market": "KRW-ETH",
      "created_at": "2024-12-28T17:12:13+09:00",
      "volume": "0.00099662",
      "remaining_volume": "0",
      "reserved_fee": "12.50010635",
      "remaining_fee": "0",
      "paid_fee": "2",
      "locked": "0",
      "executed_volume": "0.00099662",
      "trades_count": 1
    },
    {
      "uuid": "C0102000000890194030",
      "side": "ask",
      "ord_type": "limit",
      "price": "4965000",
      "state": "done",
      "market": "KRW-ETH",
      "created_at": "2024-12-28T21:54:57+09:00",
      "volume": "0.0011",
      "remaining_volume": "0",
      "reserved_fee": "0",
      "remaining_fee": "0",
      "paid_fee": "2.21",
      "locked": "0",
      "executed_volume": "0.0011",
      "trades_count": 1
    },
    {
      "uuid": "C0102000000890194074",
      "side": "ask",
      "ord_type": "limit",
      "price": "5005000",
      "state": "done",
      "market": "KRW-ETH",
      "created_at": "2024-12-28T21:55:03+09:00",
      "volume": "0.0013",
      "remaining_volume": "0",
      "reserved_fee": "0",
      "remaining_fee": "0",
      "paid_fee": "2.62",
      "locked": "0",
      "executed_volume": "0.0013",
      "trades_count": 1
    },
    {
      "uuid": "C0102000000890194115",
      "side": "ask",
      "ord_type": "limit",
      "price": "5086000",
      "state": "done",
      "market": "KRW-ETH",
      "created_at": "2024-12-28T21:55:10+09:00",
      "volume": "0.0021",
      "remaining_volume": "0",
      "reserved_fee": "0",
      "remaining_fee": "0",
      "paid_fee": "4.27",
      "locked": "0",
      "executed_volume": "0.0021",
      "trades_count": 1
    },
    {
      "uuid": "C0102000000890234355",
      "side": "bid",
      "ord_type": "limit",
      "price": "5046000",
      "state": "done",
      "market": "KRW-ETH",
      "created_at": "2024-12-28T23:25:00+09:00",
      "volume": "0.0021",
      "remaining_volume": "0",
      "reserved_fee": "26.4915",
      "remaining_fee": "0",
      "paid_fee": "4.23",
      "locked": "0",
      "executed_volume": "0.0021",
      "trades_count": 1
    },
    {
      "uuid": "C0102000000890288568",
      "side": "ask",
      "ord_type": "limit",
      "price": "5086000",
      "state": "done",
      "market": "KRW-ETH",
      "created_at": "2024-12-29T01:02:28+09:00",
      "volume": "0.0021",
      "remaining_volume": "0",
      "reserved_fee": "0",
      "remaining_fee": "0",
      "paid_fee": "4.27",
      "locked": "0",
      "executed_volume": "0.0021",
      "trades_count": 1
    },
    {
      "uuid": "C0102000000890475723",
      "side": "ask",
      "ord_type": "limit",
      "price": "5140000",
      "state": "done",
      "market": "KRW-ETH",
      "created_at": "2024-12-29T08:29:43+09:00",
      "volume": "0.00097277",
      "remaining_volume": "0",
      "reserved_fee": "0",
      "remaining_fee": "0",
      "paid_fee": "2",
      "locked": "0",
      "executed_volume": "0.00097277",
      "trades_count": 1
    },
    {
      "uuid": "C0102000000890475772",
      "side": "ask",
      "ord_type": "limit",
      "price": "5220000",
      "state": "done",
      "market": "KRW-ETH",
      "created_at": "2024-12-29T08:29:55+09:00",
      "volume": "0.00288851",
      "remaining_volume": "0",
      "reserved_fee": "0",
      "remaining_fee": "0",
      "paid_fee": "6.03",
      "locked": "0",
      "executed_volume": "0.00288851",
      "trades_count": 1
    },
    {
      "uuid": "C0102000000890476144",
      "side": "bid",
      "ord_type": "limit",
      "price": "4950000",
      "state": "done",
      "market": "KRW-ETH",
      "created_at": "2024-12-29T08:30:34+09:00",
      "volume": "0.00404041",
      "remaining_volume": "0",
      "reserved_fee": "50.00007375",
      "remaining_fee": "0",
      "paid_fee": "8",
      "locked": "0",
      "executed_volume": "0.00404041",
      "trades_count": 1
    },
    {
      "uuid": "C0102000000890476424",
      "side": "bid",
      "ord_type": "limit",
      "price": "5070000",
      "state": "done",
      "market": "KRW-ETH",
      "created_at": "2024-12-29T08:31:37+09:00",
      "volume": "0.0009862",
      "remaining_volume": "0",
      "reserved_fee": "12.500085",
      "remaining_fee": "0",
      "paid_fee": "2",
      "locked": "0",
      "executed_volume": "0.0009862",
      "trades_count": 1
    },
    {
      "uuid": "C0102000000890476724",
      "side": "bid",
      "ord_type": "limit",
      "price": "5062000",
      "state": "done",
      "market": "KRW-ETH",
      "created_at": "2024-12-29T08:32:08+09:00",
      "volume": "0.00152291",
      "remaining_volume": "0",
      "reserved_fee": "19.27242605",
      "remaining_fee": "0",
      "paid_fee": "3.08",
      "locked": "0",
      "executed_volume": "0.00152291",
      "trades_count": 1
    },
    {
      "uuid": "C0102000000890476872",
      "side": "ask",
      "ord_type": "limit",
      "price": "5115000",
      "state": "done",
      "market": "KRW-ETH",
      "created_at": "2024-12-29T08:32:35+09:00",
      "volume": "0.00195504",
      "remaining_volume": "0",
      "reserved_fee": "0",
      "remaining_fee": "0",
      "paid_fee": "4",
      "locked": "0",
      "executed_volume": "0.00195504",
      "trades_count": 1
    },
    {
      "uuid": "C0102000000890533306",
      "side": "ask",
      "ord_type": "limit",
      "price": "5087000",
      "state": "done",
      "market": "KRW-ETH",
      "created_at": "2024-12-29T10:45:36+09:00",
      "volume": "0.0019658",
      "remaining_volume": "0",
      "reserved_fee": "0",
      "remaining_fee": "0",
      "paid_fee": "25",
      "locked": "0",
      "executed_volume": "0.0019658",
      "trades_count": 1
    },
    {
      "uuid": "C0102000000890685799",
      "side": "bid",
      "ord_type": "limit",
      "price": "5050000",
      "state": "done",
      "market": "KRW-ETH",
      "created_at": "2024-12-29T17:31:15+09:00",
      "volume": "0.0019802",
      "remaining_volume": "0",
      "reserved_fee": "25.000025",
      "remaining_fee": "0",
      "paid_fee": "25",
      "locked": "0",
      "executed_volume": "0.0019802",
      "trades_count": 1
    },
    {
      "uuid": "C0102000000890685844",
      "side": "bid",
      "ord_type": "limit",
      "price": "5000000",
      "state": "done",
      "market": "KRW-ETH",
      "created_at": "2024-12-29T17:31:28+09:00",
      "volume": "0.002",
      "remaining_volume": "0",
      "reserved_fee": "25",
      "remaining_fee": "0",
      "paid_fee": "25",
      "locked": "0",
      "executed_volume": "0.002",
      "trades_count": 1
    },
    {
      "uuid": "C0102000000890685954",
      "side": "bid",
      "ord_type": "limit",
      "price": "5010000",
      "state": "done",
      "market": "KRW-ETH",
      "created_at": "2024-12-29T17:31:49+09:00",
      "volume": "0.00199202",
      "remaining_volume": "0",
      "reserved_fee": "24.9500505",
      "remaining_fee": "0",
      "paid_fee": "24.95",
      "locked": "0",
      "executed_volume": "0.00199202",
      "trades_count": 1
    },
    {
      "uuid": "C0102000000892194926",
      "side": "ask",
      "ord_type": "limit",
      "price": "5060000",
      "state": "done",
      "market": "KRW-ETH",
      "created_at": "2024-12-31T21:53:41+09:00",
      "volume": "0.00592886",
      "remaining_volume": "0",
      "reserved_fee": "0",
      "remaining_fee": "0",
      "paid_fee": "12",
      "locked": "0",
      "executed_volume": "0.00592886",
      "trades_count": 1
    },
    {
      "uuid": "C0102000000892195550",
      "side": "ask",
      "ord_type": "limit",
      "price": "5050000",
      "state": "done",
      "market": "KRW-ETH",
      "created_at": "2024-12-31T21:55:35+09:00",
      "volume": "0.0009901",
      "remaining_volume": "0",
      "reserved_fee": "0",
      "remaining_fee": "0",
      "paid_fee": "2",
      "locked": "0",
      "executed_volume": "0.0009901",
      "trades_count": 1
    },
    {
      "uuid": "C0102000000892237525",
      "side": "ask",
      "ord_type": "limit",
      "price": "5112000",
      "state": "done",
      "market": "KRW-ETH",
      "created_at": "2024-12-31T23:26:26+09:00",
      "volume": "0.00195619",
      "remaining_volume": "0",
      "reserved_fee": "0",
      "remaining_fee": "0",
      "paid_fee": "4",
      "locked": "0",
      "executed_volume": "0.00195619",
      "trades_count": 1
    },
    {
      "uuid": "C0102000000892361084",
      "side": "bid",
      "ord_type": "limit",
      "price": "5006000",
      "state": "done",
      "market": "KRW-ETH",
      "created_at": "2025-01-01T10:26:39+09:00",
      "volume": "0.00791608",
      "remaining_volume": "0",
      "reserved_fee": "99.0697412",
      "remaining_fee": "0",
      "paid_fee": "15.85",
      "locked": "0",
      "executed_volume": "0.00791608",
      "trades_count": 1
    },
    {
      "uuid": "C0102000000892440885",
      "side": "ask",
      "ord_type": "limit",
      "price": "5000000",
      "state": "done",
      "market": "KRW-ETH",
      "created_at": "2025-01-01T16:04:47+09:00",
      "volume": "0.004",
      "remaining_volume": "0",
      "reserved_fee": "0",
      "remaining_fee": "0",
      "paid_fee": "8",
      "locked": "0",
      "executed_volume": "0.004",
      "trades_count": 1
    },
    {
      "uuid": "C0102000000892440973",
      "side": "bid",
      "ord_type": "limit",
      "price": "4990000",
      "state": "done",
      "market": "KRW-ETH",
      "created_at": "2025-01-01T16:05:11+09:00",
      "volume": "0.00399778",
      "remaining_volume": "0",
      "reserved_fee": "49.8723055",
      "remaining_fee": "0",
      "paid_fee": "7.97",
      "locked": "0",
      "executed_volume": "0.00399778",
      "trades_count": 1
    },
    {
      "uuid": "C0102000000892497415",
      "side": "bid",
      "ord_type": "limit",
      "price": "4989000",
      "state": "done",
      "market": "KRW-ETH",
      "created_at": "2025-01-01T18:49:04+09:00",
      "volume": "0.01104354",
      "remaining_volume": "0",
      "reserved_fee": "137.74055265",
      "remaining_fee": "0",
      "paid_fee": "22.03",
      "locked": "0",
      "executed_volume": "0.01104354",
      "trades_count": 2
    },
    {
      "uuid": "C0102000000894463924",
      "side": "ask",
      "ord_type": "limit",
      "price": "5317000",
      "state": "done",
      "market": "KRW-ETH",
      "created_at": "2025-01-04T15:19:15+09:00",
      "volume": "0.00922706",
      "remaining_volume": "0",
      "reserved_fee": "0",
      "remaining_fee": "0",
      "paid_fee": "19.62",
      "locked": "0",
      "executed_volume": "0.00922706",
      "trades_count": 1
    },
    {
      "uuid": "C0102000000894644250",
      "side": "ask",
      "ord_type": "limit",
      "price": "5375000",
      "state": "done",
      "market": "KRW-ETH",
      "created_at": "2025-01-04T21:53:09+09:00",
      "volume": "0.0027907",
      "remaining_volume": "0",
      "reserved_fee": "0",
      "remaining_fee": "0",
      "paid_fee": "6",
      "locked": "0",
      "executed_volume": "0.0027907",
      "trades_count": 1
    },
    {
      "uuid": "C0102000000894709126",
      "side": "ask",
      "ord_type": "limit",
      "price": "5382000",
      "state": "done",
      "market": "KRW-ETH",
      "created_at": "2025-01-04T23:31:46+09:00",
      "volume": "0.005",
      "remaining_volume": "0",
      "reserved_fee": "0",
      "remaining_fee": "0",
      "paid_fee": "10.76",
      "locked": "0",
      "executed_volume": "0.005",
      "trades_count": 1
    },
    {
      "uuid": "C0102000000895157634",
      "side": "ask",
      "ord_type": "limit",
      "price": "5356000",
      "state": "done",
      "market": "KRW-ETH",
      "created_at": "2025-01-05T12:55:42+09:00",
      "volume": "0.00752528",
      "remaining_volume": "0",
      "reserved_fee": "0",
      "remaining_fee": "0",
      "paid_fee": "16.12",
      "locked": "0",
      "executed_volume": "0.00752528",
      "trades_count": 1
    },
    {
      "uuid": "C0102000000895157747",
      "side": "ask",
      "ord_type": "limit",
      "price": "5374000",
      "state": "done",
      "market": "KRW-ETH",
      "created_at": "2025-01-05T12:56:01+09:00",
      "volume": "0.00677276",
      "remaining_volume": "0",
      "reserved_fee": "0",
      "remaining_fee": "0",
      "paid_fee": "14.55",
      "locked": "0",
      "executed_volume": "0.00677276",
      "trades_count": 1
    },
    {
      "uuid": "C0102000000896945726",
      "side": "bid",
      "ord_type": "price",
      "price": "26959",
      "state": "done",
      "market": "KRW-ETH",
      "created_at": "2025-01-08T00:16:05+09:00",
      "reserved_fee": "67.3975",
      "remaining_fee": "0",
      "paid_fee": "10.78",
      "locked": "0",
      "executed_volume": "0.005175465540410827",
      "trades_count": 1
    },
    {
      "uuid": "C0102000000897274617",
      "side": "bid",
      "ord_type": "limit",
      "price": "5065000",
      "state": "done",
      "market": "KRW-ETH",
      "created_at": "2025-01-08T08:06:06+09:00",
      "volume": "0.00608606",
      "remaining_volume": "0",
      "reserved_fee": "77.06473475",
      "remaining_fee": "0",
      "paid_fee": "12.33",
      "locked": "0",
      "executed_volume": "0.00608606",
      "trades_count": 1
    },
    {
      "uuid": "C0102000000897850735",
      "side": "bid",
      "ord_type": "limit",
      "price": "4995000",
      "state": "done",
      "market": "KRW-ETH",
      "created_at": "2025-01-09T00:44:51+09:00",
      "volume": "0.00448947",
      "remaining_volume": "0",
      "reserved_fee": "56.062256625",
      "remaining_fee": "0",
      "paid_fee": "8.96",
      "locked": "0",
      "executed_volume": "0.00448947",
      "trades_count": 1
    },
    {
      "uuid": "C0102000000897992849",
      "side": "bid",
      "ord_type": "limit",
      "price": "4980000",
      "state": "done",
      "market": "KRW-ETH",
      "created_at": "2025-01-09T03:29:15+09:00",
      "volume": "0.01069154",
      "remaining_volume": "0",
      "reserved_fee": "133.109673",
      "remaining_fee": "0",
      "paid_fee": "21.29",
      "locked": "0",
      "executed_volume": "0.01069154",
      "trades_count": 1
    },
    {
      "uuid": "C0102000000899108941",
      "side": "bid",
      "ord_type": "limit",
      "price": "4880000",
      "state": "done",
      "market": "KRW-ETH",
      "created_at": "2025-01-10T09:58:31+09:00",
      "volume": "0.00204919",
      "remaining_volume": "0",
      "reserved_fee": "25.000118",
      "remaining_fee": "0",
      "paid_fee": "4",
      "locked": "0",
      "executed_volume": "0.00204919",
      "trades_count": 1
    },
    {
      "uuid": "C0102000000899234167",
      "side": "bid",
      "ord_type": "limit",
      "price": "4880000",
      "state": "done",
      "market": "KRW-ETH",
      "created_at": "2025-01-10T14:05:58+09:00",
      "volume": "0.0010246",
      "remaining_volume": "0",
      "reserved_fee": "12.50012",
      "remaining_fee": "0",
      "paid_fee": "2",
      "locked": "0",
      "executed_volume": "0.0010246",
      "trades_count": 1
    },
    {
      "uuid": "C0102000000899234270",
      "side": "bid",
      "ord_type": "limit",
      "price": "4871000",
      "state": "done",
      "market": "KRW-ETH",
      "created_at": "2025-01-10T14:06:11+09:00",
      "volume": "0.00205297",
      "remaining_volume": "0",
      "reserved_fee": "25.000042175",
      "remaining_fee": "0",
      "paid_fee": "4",
      "locked": "0",
      "executed_volume": "0.00205297",
      "trades_count": 1
    },
    {
      "uuid": "C0102000000899934235",
      "side": "bid",
      "ord_type": "limit",
      "price": "4893000",
      "state": "done",
      "market": "KRW-ETH",
      "created_at": "2025-01-11T11:42:43+09:00",
      "volume": "0.00204124",
      "remaining_volume": "0",
      "reserved_fee": "24.9694683",
      "remaining_fee": "0",
      "paid_fee": "3.99",
      "locked": "0",
      "executed_volume": "0.00204124",
      "trades_count": 1
    },
    {
      "uuid": "C0102000000902726872",
      "side": "bid",
      "ord_type": "limit",
      "price": "4789000",
      "state": "done",
      "market": "KRW-ETH",
      "created_at": "2025-01-15T14:27:18+09:00",
      "volume": "0.01884284",
      "remaining_volume": "0",
      "reserved_fee": "225.5959019",
      "remaining_fee": "0",
      "paid_fee": "36.08",
      "locked": "0",
      "executed_volume": "0.01884284",
      "trades_count": 2
    },
    {
      "uuid": "C0102000000913623346",
      "side": "bid",
      "ord_type": "limit",
      "price": "4804000",
      "state": "done",
      "market": "KRW-ETH",
      "created_at": "2025-01-28T09:55:39+09:00",
      "volume": "0.00501869",
      "remaining_volume": "0",
      "reserved_fee": "60.2744669",
      "remaining_fee": "0",
      "paid_fee": "9.64",
      "locked": "0",
      "executed_volume": "0.00501869",
      "trades_count": 1
    },
    {
      "uuid": "C0102000000913888805",
      "side": "bid",
      "ord_type": "limit",
      "price": "4831000",
      "state": "done",
      "market": "KRW-ETH",
      "created_at": "2025-01-28T19:49:11+09:00",
      "volume": "0.00628222",
      "remaining_volume": "0",
      "reserved_fee": "75.87351205",
      "remaining_fee": "0",
      "paid_fee": "12.13",
      "locked": "0",
      "executed_volume": "0.00628222",
      "trades_count": 1
    },
    {
      "uuid": "C0102000000914512783",
      "side": "bid",
      "ord_type": "limit",
      "price": "4796000",
      "state": "done",
      "market": "KRW-ETH",
      "created_at": "2025-01-29T13:34:43+09:00",
      "volume": "0.00549119",
      "remaining_volume": "0",
      "reserved_fee": "65.8393681",
      "remaining_fee": "0",
      "paid_fee": "10.53",
      "locked": "0",
      "executed_volume": "0.00549119",
      "trades_count": 1
    },
    {
      "uuid": "C0102000000915158601",
      "side": "bid",
      "ord_type": "limit",
      "price": "4788000",
      "state": "done",
      "market": "KRW-ETH",
      "created_at": "2025-01-30T08:30:01+09:00",
      "volume": "0.00489063",
      "remaining_volume": "0",
      "reserved_fee": "58.5408411",
      "remaining_fee": "0",
      "paid_fee": "9.36",
      "locked": "0",
      "executed_volume": "0.00489063",
      "trades_count": 1
    },
    {
      "uuid": "C0102000000916422223",
      "side": "ask",
      "ord_type": "limit",
      "price": "5045000",
      "state": "done",
      "market": "KRW-ETH",
      "created_at": "2025-01-31T20:42:00+09:00",
      "volume": "0.00542152",
      "remaining_volume": "0",
      "reserved_fee": "0",
      "remaining_fee": "0",
      "paid_fee": "10.94",
      "locked": "0",
      "executed_volume": "0.00542152",
      "trades_count": 1
    },
    {
      "uuid": "C0102000000917768196",
      "side": "bid",
      "ord_type": "limit",
      "price": "4875000",
      "state": "done",
      "market": "KRW-ETH",
      "created_at": "2025-02-02T08:32:18+09:00",
      "volume": "0.00320953",
      "remaining_volume": "0",
      "reserved_fee": "39.116146875",
      "remaining_fee": "0.01604765",
      "paid_fee": "6.25",
      "locked": "0",
      "executed_volume": "0.00320953",
      "trades_count": 1
    },
    {
      "uuid": "C0102000000922920818",
      "side": "bid",
      "ord_type": "limit",
      "price": "4334000",
      "state": "done",
      "market": "KRW-ETH",
      "created_at": "2025-02-06T00:27:12+09:00",
      "volume": "0.00243594",
      "remaining_volume": "0",
      "reserved_fee": "26.3934099",
      "remaining_fee": "0",
      "paid_fee": "4.22",
      "locked": "0",
      "executed_volume": "0.00243594",
      "trades_count": 1
    },
    {
      "uuid": "C0102000000962701732",
      "side": "bid",
      "ord_type": "limit",
      "price": "3285000",
      "state": "done",
      "market": "KRW-ETH",
      "created_at": "2025-03-05T12:27:34+09:00",
      "volume": "0.00920347",
      "remaining_volume": "0",
      "reserved_fee": "75.583497375",
      "remaining_fee": "0",
      "paid_fee": "12.09",
      "locked": "0",
      "executed_volume": "0.00920347",
      "trades_count": 1
    },
    {
      "uuid": "C0102000000981301035",
      "side": "ask",
      "ord_type": "limit",
      "price": "2810000",
      "state": "done",
      "market": "KRW-ETH",
      "created_at": "2025-03-14T22:50:56+09:00",
      "volume": "0.00777993",
      "remaining_volume": "0",
      "reserved_fee": "0",
      "remaining_fee": "0",
      "paid_fee": "8.74",
      "locked": "0",
      "executed_volume": "0.00777993",
      "trades_count": 1
    },
    {
      "uuid": "C0102000000982226524",
      "side": "ask",
      "ord_type": "limit",
      "price": "2841000",
      "state": "done",
      "market": "KRW-ETH",
      "created_at": "2025-03-15T16:03:07+09:00",
      "volume": "0.00233397",
      "remaining_volume": "0",
      "reserved_fee": "0",
      "remaining_fee": "0",
      "paid_fee": "2.65",
      "locked": "0",
      "executed_volume": "0.00233397",
      "trades_count": 1
    },
    {
      "uuid": "C0102000000984940055",
      "side": "ask",
      "ord_type": "limit",
      "price": "2820000",
      "state": "done",
      "market": "KRW-ETH",
      "created_at": "2025-03-18T08:13:41+09:00",
      "volume": "0.01050291",
      "remaining_volume": "0",
      "reserved_fee": "0",
      "remaining_fee": "0",
      "paid_fee": "11.84",
      "locked": "0",
      "executed_volume": "0.01050291",
      "trades_count": 1
    },
    {
      "uuid": "C0102000000986643441",
      "side": "ask",
      "ord_type": "limit",
      "price": "2986000",
      "state": "done",
      "market": "KRW-ETH",
      "created_at": "2025-03-19T22:54:35+09:00",
      "volume": "0.00787718",
      "remaining_volume": "0",
      "reserved_fee": "0",
      "remaining_fee": "0",
      "paid_fee": "9.4",
      "locked": "0",
      "executed_volume": "0.00787718",
      "trades_count": 1
    },
    {
      "uuid": "C0102000000991574125",
      "side": "ask",
      "ord_type": "limit",
      "price": "3089000",
      "state": "done",
      "market": "KRW-ETH",
      "created_at": "2025-03-24T19:58:54+09:00",
      "volume": "0.00262573",
      "remaining_volume": "0",
      "reserved_fee": "0",
      "remaining_fee": "0",
      "paid_fee": "3.24",
      "locked": "0",
      "executed_volume": "0.00262573",
      "trades_count": 1
    },
    {
      "uuid": "C0102000001054536997",
      "side": "bid",
      "ord_type": "limit",
      "price": "2514000",
      "state": "done",
      "market": "KRW-ETH",
      "created_at": "2025-05-07T00:06:36+09:00",
      "volume": "0.03762659",
      "remaining_volume": "0",
      "reserved_fee": "236.48311815",
      "remaining_fee": "0",
      "paid_fee": "37.83",
      "locked": "0",
      "executed_volume": "0.03762659",
      "trades_count": 1
    },
    {
      "uuid": "C0102000001058249580",
      "side": "ask",
      "ord_type": "limit",
      "price": "3077000",
      "state": "done",
      "market": "KRW-ETH",
      "created_at": "2025-05-09T08:44:12+09:00",
      "volume": "0.03764155",
      "remaining_volume": "0",
      "reserved_fee": "0",
      "remaining_fee": "0",
      "paid_fee": "46.32",
      "locked": "0",
      "executed_volume": "0.03764155",
      "trades_count": 1
    },
    {
      "uuid": "C0102000001120239780",
      "side": "bid",
      "ord_type": "limit",
      "price": "3499000",
      "state": "done",
      "market": "KRW-ETH",
      "created_at": "2025-06-15T19:16:43+09:00",
      "volume": "0.00285796",
      "remaining_volume": "0",
      "reserved_fee": "25.0000051",
      "remaining_fee": "0",
      "paid_fee": "4",
      "locked": "0",
      "executed_volume": "0.00285796",
      "trades_count": 1
    },
    {
      "uuid": "C0102000001121201939",
      "side": "bid",
      "ord_type": "limit",
      "price": "3554000",
      "state": "done",
      "market": "KRW-ETH",
      "created_at": "2025-06-16T11:50:16+09:00",
      "volume": "0.00227548",
      "remaining_volume": "0",
      "reserved_fee": "20.2176398",
      "remaining_fee": "0",
      "paid_fee": "3.23",
      "locked": "0",
      "executed_volume": "0.00227548",
      "trades_count": 1
    },
    {
      "uuid": "C0102000001137286942",
      "side": "bid",
      "ord_type": "limit",
      "price": "3339000",
      "state": "done",
      "market": "KRW-ETH",
      "created_at": "2025-06-25T21:37:38+09:00",
      "volume": "0.00176617",
      "remaining_volume": "0",
      "reserved_fee": "14.743104075",
      "remaining_fee": "0",
      "paid_fee": "2.35",
      "locked": "0",
      "executed_volume": "0.00176617",
      "trades_count": 1
    },
    {
      "uuid": "C0102000001152171926",
      "side": "bid",
      "ord_type": "limit",
      "price": "3479000",
      "state": "done",
      "market": "KRW-ETH",
      "created_at": "2025-07-07T21:31:23+09:00",
      "volume": "0.02896122",
      "remaining_volume": "0",
      "reserved_fee": "251.89021095",
      "remaining_fee": "0",
      "paid_fee": "40.3",
      "locked": "0",
      "executed_volume": "0.02896122",
      "trades_count": 1
    },
    {
      "uuid": "C0102000001217719116",
      "side": "ask",
      "ord_type": "limit",
      "price": "6397000",
      "state": "done",
      "market": "KRW-ETH",
      "created_at": "2025-08-13T13:48:46+09:00",
      "volume": "0.01608592",
      "remaining_volume": "0",
      "reserved_fee": "0",
      "remaining_fee": "0",
      "paid_fee": "41.16",
      "locked": "0",
      "executed_volume": "0.01608592",
      "trades_count": 1
    },
    {
      "uuid": "C0102000001220388909",
      "side": "bid",
      "ord_type": "limit",
      "price": "6273000",
      "state": "done",
      "market": "KRW-ETH",
      "created_at": "2025-08-14T22:21:53+09:00",
      "volume": "0.01594134",
      "remaining_volume": "0",
      "reserved_fee": "250.00006455",
      "remaining_fee": "0",
      "paid_fee": "40",
      "locked": "0",
      "executed_volume": "0.01594134",
      "trades_count": 1
    },
    {
      "uuid": "C0102000001226959273",
      "side": "ask",
      "ord_type": "limit",
      "price": "5947000",
      "state": "done",
      "market": "KRW-ETH",
      "created_at": "2025-08-18T20:49:11+09:00",
      "volume": "0.10976865",
      "remaining_volume": "0",
      "reserved_fee": "0",
      "remaining_fee": "0",
      "paid_fee": "261.16",
      "locked": "0",
      "executed_volume": "0.10976865",
      "trades_count": 1
    }
  ]
}