{
  "TIAUSDT": [
    {
      "uuid": "C0845000000086914149",
      "side": "bid",
      "ord_type": "limit",
      "price": "8220",
      "state": "done",
      "market": "KRW-TIA",
      "created_at": "2025-01-04T22:30:56+09:00",
      "volume": "0.92348204",
      "remaining_volume": "0",
      "reserved_fee": "18.977555922",
      "remaining_fee": "0",
      "paid_fee": "3.03",
      "locked": "0",
      "executed_volume": "0.92348204",
      "trades_count": 1
    },
    {
      "uuid": "C0845000000086914242",
      "side": "bid",
      "ord_type": "limit",
      "price": "8215",
      "state": "done",
      "market": "KRW-TIA",
      "created_at": "2025-01-04T22:31:48+09:00",
      "volume": "4.95778205",
      "remaining_volume": "0",
      "reserved_fee": "101.820448851875",
      "remaining_fee": "0",
      "paid_fee": "16.29",
      "locked": "0",
      "executed_volume": "4.95778205",
      "trades_count": 1
    },
    {
      "uuid": "C0845000000086915925",
      "side": "bid",
      "ord_type": "limit",
      "price": "8170",
      "state": "done",
      "market": "KRW-TIA",
      "created_at": "2025-01-04T22:50:24+09:00",
      "volume": "7.82779892",
      "remaining_volume": "0",
      "reserved_fee": "159.882792941",
      "remaining_fee": "0.000000001",
      "paid_fee": "25.58",
      "locked": "0",
      "executed_volume": "7.82779892",
      "trades_count": 2
    },
    {
      "uuid": "C0845000000086933701",
      "side": "bid",
      "ord_type": "limit",
      "price": "8100",
      "state": "done",
      "market": "KRW-TIA",
      "created_at": "2025-01-05T00:47:26+09:00",
      "volume": "1.35667005",
      "remaining_volume": "0",
      "reserved_fee": "27.4725685125",
      "remaining_fee": "0",
      "paid_fee": "4.39",
      "locked": "0",
      "executed_volume": "1.35667005",
      "trades_count": 2
    },
    {
      "uuid": "C0845000000086933724",
      "side": "bid",
      "ord_type": "limit",
      "price": "8040",
      "state": "done",
      "market": "KRW-TIA",
      "created_at": "2025-01-05T00:47:35+09:00",
      "volume": "1.35667005",
      "remaining_volume": "0",
      "reserved_fee": "27.269068005",
      "remaining_fee": "0",
      "paid_fee": "4.36",
      "locked": "0",
      "executed_volume": "1.35667005",
      "trades_count": 1
    },
    {
      "uuid": "C0845000000086933762",
      "side": "ask",
      "ord_type": "limit",
      "price": "8270",
      "state": "done",
      "market": "KRW-TIA",
      "created_at": "2025-01-05T00:47:47+09:00",
      "volume": "6.8545315",
      "remaining_volume": "0",
      "reserved_fee": "0",
      "remaining_fee": "0",
      "paid_fee": "22.67",
      "locked": "0",
      "executed_volume": "6.8545315",
      "trades_count": 1
    },
    {
      "uuid": "C0845000000086980783",
      "side": "bid",
      "ord_type": "limit",
      "price": "8120",
      "state": "done",
      "market": "KRW-TIA",
      "created_at": "2025-01-05T10:19:55+09:00",
      "volume": "5.21428166",
      "remaining_volume": "0",
      "reserved_fee": "105.849917698",
      "remaining_fee": "0.0000000005",
      "paid_fee": "16.93",
      "locked": "0",
      "executed_volume": "5.21428166",
      "trades_count": 1
    },
    {
      "uuid": "C0845000000086988274",
      "side": "bid",
      "ord_type": "limit",
      "price": "8085",
      "state": "done",
      "market": "KRW-TIA",
      "created_at": "2025-01-05T12:54:42+09:00",
      "volume": "1.77045072",
      "remaining_volume": "0",
      "reserved_fee": "35.785235178",
      "remaining_fee": "0.0000000005",
      "paid_fee": "5.72",
      "locked": "0",
      "executed_volume": "1.77045072",
      "trades_count": 1
    },
    {
      "uuid": "C0845000000086988295",
      "side": "ask",
      "ord_type": "limit",
      "price": "8270",
      "state": "done",
      "market": "KRW-TIA",
      "created_at": "2025-01-05T12:55:05+09:00",
      "volume": "3.28547586",
      "remaining_volume": "0",
      "reserved_fee": "0",
      "remaining_fee": "0",
      "paid_fee": "10.86",
      "locked": "0",
      "executed_volume": "3.28547586",
      "trades_count": 2
    },
    {
      "uuid": "C0845000000087020040",
      "side": "bid",
      "ord_type": "limit",
      "price": "8065",
      "state": "done",
      "market": "KRW-TIA",
      "created_at": "2025-01-05T22:15:00+09:00",
      "volume": "1.23992561",
      "remaining_volume": "0",
      "reserved_fee": "25.000000111625",
      "remaining_fee": "0.015499069125",
      "paid_fee": "3.99",
      "locked": "0",
      "executed_volume": "1.23992561",
      "trades_count": 1
    },
    {
      "uuid": "C0845000000087020369",
      "side": "bid",
      "ord_type": "limit",
      "price": "7960",
      "state": "done",
      "market": "KRW-TIA",
      "created_at": "2025-01-05T22:20:10+09:00",
      "volume": "2.57722527",
      "remaining_volume": "0",
      "reserved_fee": "51.286782873",
      "remaining_fee": "0.0000000005",
      "paid_fee": "8.2",
      "locked": "0",
      "executed_volume": "2.57722527",
      "trades_count": 1
    },
    {
      "uuid": "C0845000000087025047",
      "side": "bid",
      "ord_type": "limit",
      "price": "7930",
      "state": "done",
      "market": "KRW-TIA",
      "created_at": "2025-01-05T23:25:07+09:00",
      "volume": "2.5220681",
      "remaining_volume": "0",
      "reserved_fee": "50.0000000825",
      "remaining_fee": "0",
      "paid_fee": "8",
      "locked": "0",
      "executed_volume": "2.5220681",
      "trades_count": 1
    },
    {
      "uuid": "C0845000000087034605",
      "side": "bid",
      "ord_type": "limit",
      "price": "7990",
      "state": "done",
      "market": "KRW-TIA",
      "created_at": "2025-01-06T01:45:35+09:00",
      "volume": "0.62578223",
      "remaining_volume": "0",
      "reserved_fee": "12.50000004425",
      "remaining_fee": "0",
      "paid_fee": "2",
      "locked": "0",
      "executed_volume": "0.62578223",
      "trades_count": 1
    },
    {
      "uuid": "C0845000000087116101",
      "side": "bid",
      "ord_type": "limit",
      "price": "7940",
      "state": "done",
      "market": "KRW-TIA",
      "created_at": "2025-01-06T19:39:09+09:00",
      "volume": "1.25944585",
      "remaining_volume": "0",
      "reserved_fee": "25.0000001225",
      "remaining_fee": "0",
      "paid_fee": "4",
      "locked": "0",
      "executed_volume": "1.25944585",
      "trades_count": 1
    },
    {
      "uuid": "C0845000000087159259",
      "side": "ask",
      "ord_type": "limit",
      "price": "8275",
      "state": "done",
      "market": "KRW-TIA",
      "created_at": "2025-01-07T01:13:50+09:00",
      "volume": "0.60422961",
      "remaining_volume": "0",
      "reserved_fee": "0",
      "remaining_fee": "0",
      "paid_fee": "2",
      "locked": "0",
      "executed_volume": "0.60422961",
      "trades_count": 1
    },
    {
      "uuid": "C0845000000087348974",
      "side": "bid",
      "ord_type": "limit",
      "price": "7385",
      "state": "done",
      "market": "KRW-TIA",
      "created_at": "2025-01-08T08:05:26+09:00",
      "volume": "1.39026165",
      "remaining_volume": "0",
      "reserved_fee": "25.667705713125",
      "remaining_fee": "0.000000000625",
      "paid_fee": "4.1",
      "locked": "0",
      "executed_volume": "1.39026165",
      "trades_count": 2
    },
    {
      "uuid": "C0845000000087480082",
      "side": "bid",
      "ord_type": "limit",
      "price": "6805",
      "state": "done",
      "market": "KRW-TIA",
      "created_at": "2025-01-09T00:44:30+09:00",
      "volume": "1.46950772",
      "remaining_volume": "0",
      "reserved_fee": "25.0000000865",
      "remaining_fee": "0",
      "paid_fee": "4",
      "locked": "0",
      "executed_volume": "1.46950772",
      "trades_count": 1
    },
    {
      "uuid": "C0845000000088215400",
      "side": "bid",
      "ord_type": "limit",
      "price": "7455",
      "state": "done",
      "market": "KRW-TIA",
      "created_at": "2025-01-13T09:25:54+09:00",
      "volume": "1.34151542",
      "remaining_volume": "0",
      "reserved_fee": "25.00249364025",
      "remaining_fee": "0.00000000025",
      "paid_fee": "4",
      "locked": "0",
      "executed_volume": "1.34151542",
      "trades_count": 2
    },
    {
      "uuid": "C0845000000088880083",
      "side": "bid",
      "ord_type": "limit",
      "price": "7315",
      "state": "done",
      "market": "KRW-TIA",
      "created_at": "2025-01-17T00:17:07+09:00",
      "volume": "3.17954259",
      "remaining_volume": "0",
      "reserved_fee": "58.145885114625",
      "remaining_fee": "0",
      "paid_fee": "9.3",
      "locked": "0",
      "executed_volume": "3.17954259",
      "trades_count": 2
    },
    {
      "uuid": "C0845000000088958393",
      "side": "bid",
      "ord_type": "limit",
      "price": "7350",
      "state": "done",
      "market": "KRW-TIA",
      "created_at": "2025-01-17T08:59:02+09:00",
      "volume": "1.58125716",
      "remaining_volume": "0",
      "reserved_fee": "29.055600315",
      "remaining_fee": "0",
      "paid_fee": "4.64",
      "locked": "0",
      "executed_volume": "1.58125716",
      "trades_count": 1
    },
    {
      "uuid": "C0845000000089146429",
      "side": "ask",
      "ord_type": "limit",
      "price": "7925",
      "state": "done",
      "market": "KRW-TIA",
      "created_at": "2025-01-18T08:00:13+09:00",
      "volume": "1.56763767",
      "remaining_volume": "0",
      "reserved_fee": "0",
      "remaining_fee": "0",
      "paid_fee": "4.97",
      "locked": "0",
      "executed_volume": "1.56763767",
      "trades_count": 1
    },
    {
      "uuid": "C0845000000089610726",
      "side": "bid",
      "ord_type": "limit",
      "price": "6880",
      "state": "done",
      "market": "KRW-TIA",
      "created_at": "2025-01-20T10:11:37+09:00",
      "volume": "4.88966537",
      "remaining_volume": "0",
      "reserved_fee": "84.102244364",
      "remaining_fee": "0",
      "paid_fee": "13.44",
      "locked": "0",
      "executed_volume": "4.88966537",
      "trades_count": 3
    },
    {
      "uuid": "C0845000000089952871",
      "side": "bid",
      "ord_type": "limit",
      "price": "6705",
      "state": "done",
      "market": "KRW-TIA",
      "created_at": "2025-01-21T13:38:21+09:00",
      "volume": "3.70499552",
      "remaining_volume": "0",
      "reserved_fee": "62.104987404",
      "remaining_fee": "0",
      "paid_fee": "9.93",
      "locked": "0",
      "executed_volume": "3.70499552",
      "trades_count": 1
    },
    {
      "uuid": "C0845000000090490441",
      "side": "bid",
      "ord_type": "limit",
      "price": "6860",
      "state": "done",
      "market": "KRW-TIA",
      "created_at": "2025-01-24T09:39:00+09:00",
      "volume": "4.37317785",
      "remaining_volume": "0",
      "reserved_fee": "75.0000001275",
      "remaining_fee": "0",
      "paid_fee": "12",
      "locked": "0",
      "executed_volume": "4.37317785",
      "trades_count": 1
    },
    {
      "uuid": "C0845000000090591966",
      "side": "bid",
      "ord_type": "limit",
      "price": "6700",
      "state": "done",
      "market": "KRW-TIA",
      "created_at": "2025-01-25T00:49:51+09:00",
      "volume": "2.47850747",
      "remaining_volume": "0",
      "reserved_fee": "41.5150001225",
      "remaining_fee": "0",
      "paid_fee": "6.63",
      "locked": "0",
      "executed_volume": "2.47850747",
      "trades_count": 2
    },
    {
      "uuid": "C0845000000090592003",
      "side": "bid",
      "ord_type": "limit",
      "price": "6720",
      "state": "done",
      "market": "KRW-TIA",
      "created_at": "2025-01-25T00:50:01+09:00",
      "volume": "2.22415686",
      "remaining_volume": "0",
      "reserved_fee": "37.365835248",
      "remaining_fee": "0.0000000005",
      "paid_fee": "5.97",
      "locked": "0",
      "executed_volume": "2.22415686",
      "trades_count": 1
    },
    {
      "uuid": "C0845000000090768393",
      "side": "bid",
      "ord_type": "limit",
      "price": "6850",
      "state": "done",
      "market": "KRW-TIA",
      "created_at": "2025-01-26T21:56:50+09:00",
      "volume": "1.45985402",
      "remaining_volume": "0",
      "reserved_fee": "25.0000000925",
      "remaining_fee": "0",
      "paid_fee": "4",
      "locked": "0",
      "executed_volume": "1.45985402",
      "trades_count": 1
    },
    {
      "uuid": "C0845000000090838678",
      "side": "bid",
      "ord_type": "limit",
      "price": "6315",
      "state": "done",
      "market": "KRW-TIA",
      "created_at": "2025-01-27T11:06:33+09:00",
      "volume": "4.75059383",
      "remaining_volume": "0",
      "reserved_fee": "75.000000091125",
      "remaining_fee": "0",
      "paid_fee": "11.99",
      "locked": "0",
      "executed_volume": "4.75059383",
      "trades_count": 2
    },
    {
      "uuid": "C0845000000091340034",
      "side": "bid",
      "ord_type": "limit",
      "price": "6035",
      "state": "done",
      "market": "KRW-TIA",
      "created_at": "2025-01-30T08:29:23+09:00",
      "volume": "1.65700083",
      "remaining_volume": "0",
      "reserved_fee": "25.000000022625",
      "remaining_fee": "0.000000000125",
      "paid_fee": "3.99",
      "locked": "0",
      "executed_volume": "1.65700083",
      "trades_count": 2
    },
    {
      "uuid": "C0845000000091367539",
      "side": "ask",
      "ord_type": "limit",
      "price": "6150",
      "state": "done",
      "market": "KRW-TIA",
      "created_at": "2025-01-30T13:10:01+09:00",
      "volume": "1.62601627",
      "remaining_volume": "0",
      "reserved_fee": "0",
      "remaining_fee": "0",
      "paid_fee": "4",
      "locked": "0",
      "executed_volume": "1.62601627",
      "trades_count": 1
    },
    {
      "uuid": "C0845000000091367885",
      "side": "ask",
      "ord_type": "limit",
      "price": "6165",
      "state": "done",
      "market": "KRW-TIA",
      "created_at": "2025-01-30T13:14:54+09:00",
      "volume": "6.69208164",
      "remaining_volume": "0",
      "reserved_fee": "0",
      "remaining_fee": "0",
      "paid_fee": "16.5",
      "locked": "0",
      "executed_volume": "6.69208164",
      "trades_count": 2
    },
    {
      "uuid": "C0845000000091476604",
      "side": "ask",
      "ord_type": "limit",
      "price": "6430",
      "state": "done",
      "market": "KRW-TIA",
      "created_at": "2025-01-31T09:33:37+09:00",
      "volume": "2.00762449",
      "remaining_volume": "0",
      "reserved_fee": "0",
      "remaining_fee": "0",
      "paid_fee": "5.16",
      "locked": "0",
      "executed_volume": "2.00762449",
      "trades_count": 1
    },
    {
      "uuid": "C0845000000091538098",
      "side": "ask",
      "ord_type": "limit",
      "price": "6710",
      "state": "done",
      "market": "KRW-TIA",
      "created_at": "2025-01-31T20:41:30+09:00",
      "volume": "1.80686204",
      "remaining_volume": "0",
      "reserved_fee": "0",
      "remaining_fee": "0",
      "paid_fee": "4.84",
      "locked": "0",
      "executed_volume": "1.80686204",
      "trades_count": 1
    },
    {
      "uuid": "C0845000000097949174",
      "side": "ask",
      "ord_type": "limit",
      "price": "4525",
      "state": "done",
      "market": "KRW-TIA",
      "created_at": "2025-02-25T19:33:10+09:00",
      "volume": "8.1308792",
      "remaining_volume": "0",
      "reserved_fee": "0",
      "remaining_fee": "0",
      "paid_fee": "14.71",
      "locked": "0",
      "executed_volume": "8.1308792",
      "trades_count": 1
    },
    {
      "uuid": "C0845000000105494190",
      "side": "ask",
      "ord_type": "limit",
      "price": "5345",
      "state": "done",
      "market": "KRW-TIA",
      "created_at": "2025-03-13T13:41:16+09:00",
      "volume": "2.0327198",
      "remaining_volume": "0",
      "reserved_fee": "0",
      "remaining_fee": "0",
      "paid_fee": "4.34",
      "locked": "0",
      "executed_volume": "2.0327198",
      "trades_count": 1
    },
    {
      "uuid": "C0845000000109422272",
      "side": "ask",
      "ord_type": "limit",
      "price": "5330",
      "state": "done",
      "market": "KRW-TIA",
      "created_at": "2025-03-24T20:00:42+09:00",
      "volume": "3.0490797",
      "remaining_volume": "0",
      "reserved_fee": "0",
      "remaining_fee": "0",
      "paid_fee": "6.5",
      "locked": "0",
      "executed_volume": "3.0490797",
      "trades_count": 1
    },
    {
      "uuid": "C0845000000109524880",
      "side": "ask",
      "ord_type": "limit",
      "price": "5395",
      "state": "done",
      "market": "KRW-TIA",
      "created_at": "2025-03-25T05:45:24+09:00",
      "volume": "3.0490797",
      "remaining_volume": "0",
      "reserved_fee": "0",
      "remaining_fee": "0",
      "paid_fee": "6.57",
      "locked": "0",
      "executed_volume": "3.0490797",
      "trades_count": 1
    },
    {
      "uuid": "C0845000000110014003",
      "side": "ask",
      "ord_type": "limit",
      "price": "5490",
      "state": "done",
      "market": "KRW-TIA",
      "created_at": "2025-03-27T13:11:52+09:00",
      "volume": "7.31852184",
      "remaining_volume": "0",
      "reserved_fee": "0",
      "remaining_fee": "0",
      "paid_fee": "16.07",
      "locked": "0",
      "executed_volume": "7.31852184",
      "trades_count": 1
    },
    {
      "uuid": "C0845000000130180368",
      "side": "bid",
      "ord_type": "limit",
      "price": "3906",
      "state": "done",
      "market": "KRW-TIA",
      "created_at": "2025-05-09T12:26:58+09:00",
      "volume": "3",
      "remaining_volume": "0",
      "reserved_fee": "29.295",
      "remaining_fee": "0.03750099",
      "paid_fee": "4.68",
      "locked": "0",
      "executed_volume": "3",
      "trades_count": 2
    },
    {
      "uuid": "C0845000000131412325",
      "side": "ask",
      "ord_type": "limit",
      "price": "4414",
      "state": "done",
      "market": "KRW-TIA",
      "created_at": "2025-05-11T17:10:51+09:00",
      "volume": "3",
      "remaining_volume": "0",
      "reserved_fee": "0",
      "remaining_fee": "0",
      "paid_fee": "5.29",
      "locked": "0",
      "executed_volume": "3",
      "trades_count": 1
    },
    {
      "uuid": "C0845000000136250035",
      "side": "bid",
      "ord_type": "limit",
      "price": "3685",
      "state": "done",
      "market": "KRW-TIA",
      "created_at": "2025-05-22T09:17:22+09:00",
      "volume": "2.71370421",
      "remaining_volume": "0",
      "reserved_fee": "25.000000034625",
      "remaining_fee": "0.013568522125",
      "paid_fee": "3.99",
      "locked": "0",
      "executed_volume": "2.71370421",
      "trades_count": 1
    },
    {
      "uuid": "C0845000000136746727",
      "side": "bid",
      "ord_type": "limit",
      "price": "4032",
      "state": "done",
      "market": "KRW-TIA",
      "created_at": "2025-05-23T11:22:07+09:00",
      "volume": "5.65189209",
      "remaining_volume": "0",
      "reserved_fee": "56.9710722672",
      "remaining_fee": "0",
      "paid_fee": "9.1",
      "locked": "0",
      "executed_volume": "5.65189209",
      "trades_count": 2
    },
    {
      "uuid": "C0845000000137553712",
      "side": "bid",
      "ord_type": "limit",
      "price": "3597",
      "state": "done",
      "market": "KRW-TIA",
      "created_at": "2025-05-24T20:43:07+09:00",
      "volume": "7.91409508",
      "remaining_volume": "0",
      "reserved_fee": "71.1675000069",
      "remaining_fee": "0.0197852369",
      "paid_fee": "11.38",
      "locked": "0",
      "executed_volume": "7.91409508",
      "trades_count": 1
    },
    {
      "uuid": "C0845000000138155551",
      "side": "bid",
      "ord_type": "limit",
      "price": "3582",
      "state": "done",
      "market": "KRW-TIA",
      "created_at": "2025-05-26T11:15:23+09:00",
      "volume": "4.401726",
      "remaining_volume": "0",
      "reserved_fee": "39.41745633",
      "remaining_fee": "0",
      "paid_fee": "6.3",
      "locked": "0",
      "executed_volume": "4.401726",
      "trades_count": 1
    },
    {
      "uuid": "C0845000000139516049",
      "side": "bid",
      "ord_type": "limit",
      "price": "3329",
      "state": "done",
      "market": "KRW-TIA",
      "created_at": "2025-05-30T19:31:35+09:00",
      "volume": "2.88962184",
      "remaining_volume": "0",
      "reserved_fee": "24.0488777634",
      "remaining_fee": "0.0000000009",
      "paid_fee": "3.84",
      "locked": "0",
      "executed_volume": "2.88962184",
      "trades_count": 1
    },
    {
      "uuid": "C0845000000140028234",
      "side": "bid",
      "ord_type": "limit",
      "price": "3102",
      "state": "done",
      "market": "KRW-TIA",
      "created_at": "2025-06-01T10:50:36+09:00",
      "volume": "3.93166021",
      "remaining_volume": "0",
      "reserved_fee": "30.49002492855",
      "remaining_fee": "0.00000000105",
      "paid_fee": "4.87",
      "locked": "0",
      "executed_volume": "3.93166021",
      "trades_count": 1
    },
    {
      "uuid": "C0845000000140028265",
      "side": "bid",
      "ord_type": "limit",
      "price": "3102",
      "state": "done",
      "market": "KRW-TIA",
      "created_at": "2025-06-01T10:50:46+09:00",
      "volume": "2.95079515",
      "remaining_volume": "0",
      "reserved_fee": "22.88341638825",
      "remaining_fee": "0.00000000075",
      "paid_fee": "3.66",
      "locked": "0",
      "executed_volume": "2.95079515",
      "trades_count": 2
    },
    {
      "uuid": "C0845000000141011355",
      "side": "bid",
      "ord_type": "limit",
      "price": "2988",
      "state": "done",
      "market": "KRW-TIA",
      "created_at": "2025-06-05T14:06:39+09:00",
      "volume": "1.67336011",
      "remaining_volume": "0",
      "reserved_fee": "12.5000000217",
      "remaining_fee": "0",
      "paid_fee": "2",
      "locked": "0",
      "executed_volume": "1.67336011",
      "trades_count": 1
    },
    {
      "uuid": "C0845000000160601870",
      "side": "ask",
      "ord_type": "limit",
      "price": "3014",
      "state": "done",
      "market": "KRW-TIA",
      "created_at": "2025-07-21T20:15:40+09:00",
      "volume": "1.65892502",
      "remaining_volume": "0",
      "reserved_fee": "0",
      "remaining_fee": "0",
      "paid_fee": "2",
      "locked": "0",
      "executed_volume": "1.65892502",
      "trades_count": 1
    },
    {
      "uuid": "C0845000000171188050",
      "side": "ask",
      "ord_type": "limit",
      "price": "2506",
      "state": "done",
      "market": "KRW-TIA",
      "created_at": "2025-08-07T20:02:29+09:00",
      "volume": "15.23396483",
      "remaining_volume": "0",
      "reserved_fee": "0",
      "remaining_fee": "0",
      "paid_fee": "15.26",
      "locked": "0",
      "executed_volume": "15.23396483",
      "trades_count": 2
    },
    {
      "uuid": "C0845000000176779345",
      "side": "ask",
      "ord_type": "limit",
      "price": "2559",
      "state": "done",
      "market": "KRW-TIA",
      "created_at": "2025-08-15T15:41:05+09:00",
      "volume": "15.23396484",
      "remaining_volume": "0",
      "reserved_fee": "0",
      "remaining_fee": "0",
      "paid_fee": "15.59",
      "locked": "0",
      "executed_volume": "15.23396484",
      "trades_count": 1
    },
    {
      "uuid": "C0845000000177348171",
      "side": "ask",
      "ord_type": "limit",
      "price": "2571",
      "state": "done",
      "market": "KRW-TIA",
      "created_at": "2025-08-17T14:21:29+09:00",
      "volume": "6.8545315",
      "remaining_volume": "0",
      "reserved_fee": "0",
      "remaining_fee": "0",
      "paid_fee": "7.04",
      "locked": "0",
      "executed_volume": "6.8545315",
      "trades_count": 1
    }
  ]
}